timestamp,buyer,seller,symbol,currency,price,quantity,day,source_file,notional,day_book,symbol_book,bid_price_1,bid_volume_1,bid_price_2,bid_volume_2,bid_price_3,bid_volume_3,ask_price_1,ask_volume_1,ask_price_2,ask_volume_2,ask_price_3,ask_volume_3,mid_price,profit_and_loss,source_file_book,outer_bid,outer_ask,wall_mid_outer,spread,top3_bid_volume,top3_ask_volume,book_imbalance,wall_bid,wall_ask,wall_mid,book_index,mid_plus_1,mid_plus_2,mid_plus_5,mid_plus_10,mid_plus_20,mid_plus_50,mid_plus_100,next_top3_bid,next_top3_ask,bid_at_trade,ask_at_trade,aggressor,mark,role,side,edge_at_fill,mark_aggressor,session_bin,quantity_bin,mid_move_100,fwd_100,fwd_pnl_100,mid_move_200,fwd_200,fwd_pnl_200,mid_move_500,fwd_500,fwd_pnl_500,mid_move_1000,fwd_1000,fwd_pnl_1000,mid_move_2000,fwd_2000,fwd_pnl_2000,mid_move_5000,fwd_5000,fwd_pnl_5000,mid_move_10000,fwd_10000,fwd_pnl_10000
5100,Mark 38,Mark 22,HYDROGEL_PACK,XIRECS,9960.0,4,1,trades_round_4_day_1.csv,39840.0,1,HYDROGEL_PACK,9952,11,9950.0,26.0,,,9960,4,9968.0,11.0,9971.0,26.0,9956.0,0.0,prices_round_4_day_1.csv,9950.0,9971.0,9960.5,8,37.0,41.0,-0.05128205128205128,9950.0,9971.0,9960.5,51,9956.0,9958.0,9952.0,9949.0,9949.0,9944.0,9957.0,36.0,36.0,9952,9960,buy,Mark 38,buyer,1.0,-4.0,True,early,3-5,0.0,-4.0,-16.0,2.0,-2.0,-8.0,-4.0,-8.0,-32.0,-7.0,-11.0,-44.0,-7.0,-11.0,-44.0,-12.0,-16.0,-64.0,1.0,-3.0,-12.0
6200,Mark 38,Mark 14,HYDROGEL_PACK,XIRECS,9955.0,5,1,trades_round_4_day_1.csv,49775.0,1,HYDROGEL_PACK,9939,12,9937.0,29.0,,,9955,12,9958.0,29.0,,,9947.0,0.0,prices_round_4_day_1.csv,9937.0,9958.0,9947.5,16,41.0,41.0,0.0,9937.0,9958.0,9947.5,62,9946.0,9947.0,9945.0,9946.0,9945.0,9941.0,9956.0,36.0,36.0,9939,9955,buy,Mark 38,buyer,1.0,-8.0,True,early,3-5,-1.0,-9.0,-45.0,0.0,-8.0,-40.0,-2.0,-10.0,-50.0,-1.0,-9.0,-45.0,-2.0,-10.0,-50.0,-6.0,-14.0,-70.0,9.0,1.0,5.0
15000,Mark 38,Mark 14,HYDROGEL_PACK,XIRECS,9966.0,4,1,trades_round_4_day_1.csv,39864.0,1,HYDROGEL_PACK,9951,13,9948.0,25.0,,,9966,13,9969.0,25.0,,,9958.5,0.0,prices_round_4_day_1.csv,9948.0,9969.0,9958.5,15,38.0,38.0,0.0,9948.0,9969.0,9958.5,150,9957.0,9956.0,9957.0,9958.0,9947.0,9951.0,9952.0,32.0,32.0,9951,9966,buy,Mark 38,buyer,1.0,-7.5,True,early,3-5,-1.5,-9.0,-36.0,-2.5,-10.0,-40.0,-1.5,-9.0,-36.0,-0.5,-8.0,-32.0,-11.5,-19.0,-76.0,-7.5,-15.0,-60.0,-6.5,-14.0,-56.0
22800,Mark 14,Mark 38,HYDROGEL_PACK,XIRECS,9946.0,6,1,trades_round_4_day_1.csv,59676.0,1,HYDROGEL_PACK,9946,12,9944.0,26.0,,,9962,12,9964.0,26.0,,,9954.0,0.0,prices_round_4_day_1.csv,9944.0,9964.0,9954.0,16,38.0,38.0,0.0,9944.0,9964.0,9954.0,228,9954.0,9953.0,9951.0,9953.0,9953.0,9940.0,9956.0,33.0,33.0,9946,9962,sell,Mark 14,buyer,1.0,8.0,False,early,6-10,0.0,8.0,48.0,-1.0,7.0,42.0,-3.0,5.0,30.0,-1.0,7.0,42.0,-1.0,7.0,42.0,-14.0,-6.0,-36.0,2.0,10.0,60.0
30800,Mark 14,Mark 38,HYDROGEL_PACK,XIRECS,9940.0,2,1,trades_round_4_day_1.csv,19880.0,1,HYDROGEL_PACK,9940,10,9937.0,29.0,,,9956,10,9958.0,29.0,,,9948.0,0.0,prices_round_4_day_1.csv,9937.0,9958.0,9947.5,16,39.0,39.0,0.0,9937.0,9958.0,9947.5,308,9946.0,9946.0,9947.0,9948.0,9956.0,9949.5,9945.0,32.0,32.0,9940,9956,sell,Mark 14,buyer,1.0,8.0,False,early,1-2,-2.0,6.0,12.0,-2.0,6.0,12.0,-1.0,7.0,14.0,0.0,8.0,16.0,8.0,16.0,32.0,1.5,9.5,19.0,-3.0,5.0,10.0
31400,Mark 38,Mark 14,HYDROGEL_PACK,XIRECS,9953.0,3,1,trades_round_4_day_1.csv,29859.0,1,HYDROGEL_PACK,9937,11,9935.0,22.0,,,9953,11,9956.0,22.0,,,9945.0,0.0,prices_round_4_day_1.csv,9935.0,9956.0,9945.5,16,33.0,33.0,0.0,9935.0,9956.0,9945.5,314,9945.0,9945.0,9945.5,9950.0,9955.0,9949.0,9944.0,32.0,32.0,9937,9953,buy,Mark 38,buyer,1.0,-8.0,True,early,3-5,0.0,-8.0,-24.0,0.0,-8.0,-24.0,0.5,-7.5,-22.5,5.0,-3.0,-9.0,10.0,2.0,6.0,4.0,-4.0,-12.0,-1.0,-9.0,-27.0
32000,Mark 14,Mark 38,HYDROGEL_PACK,XIRECS,9938.0,5,1,trades_round_4_day_1.csv,49690.0,1,HYDROGEL_PACK,9938,15,9936.0,20.0,,,9954,15,9957.0,20.0,,,9946.0,0.0,prices_round_4_day_1.csv,9936.0,9957.0,9946.5,16,35.0,35.0,0.0,9936.0,9957.0,9946.5,320,9947.0,9947.0,9952.0,9955.0,9951.0,9947.0,9951.0,37.0,37.0,9938,9954,sell,Mark 14,buyer,1.0,8.0,False,early,3-5,1.0,9.0,45.0,1.0,9.0,45.0,6.0,14.0,70.0,9.0,17.0,85.0,5.0,13.0,65.0,1.0,9.0,45.0,5.0,13.0,65.0
33600,Mark 14,Mark 38,HYDROGEL_PACK,XIRECS,9948.0,6,1,trades_round_4_day_1.csv,59688.0,1,HYDROGEL_PACK,9948,13,9946.0,27.0,,,9964,13,9967.0,27.0,,,9956.0,0.0,prices_round_4_day_1.csv,9946.0,9967.0,9956.5,16,40.0,40.0,0.0,9946.0,9967.0,9956.5,336,9955.0,9953.0,9950.0,9950.0,9954.0,9943.0,9962.5,38.0,38.0,9948,9964,sell,Mark 14,buyer,1.0,8.0,False,early,6-10,-1.0,7.0,42.0,-3.0,5.0,30.0,-6.0,2.0,12.0,-6.0,2.0,12.0,-2.0,6.0,36.0,-13.0,-5.0,-30.0,6.5,14.5,87.0
37400,Mark 14,Mark 38,HYDROGEL_PACK,XIRECS,9936.0,4,1,trades_round_4_day_1.csv,39744.0,1,HYDROGEL_PACK,9936,13,9934.0,22.0,,,9952,13,9955.0,22.0,,,9944.0,0.0,prices_round_4_day_1.csv,9934.0,9955.0,9944.5,16,35.0,35.0,0.0,9934.0,9955.0,9944.5,374,9946.0,9948.0,9951.0,9945.0,9943.0,9961.0,9969.0,40.0,40.0,9936,9952,sell,Mark 14,buyer,1.0,8.0,False,early,3-5,2.0,10.0,40.0,4.0,12.0,48.0,7.0,15.0,60.0,1.0,9.0,36.0,-1.0,7.0,28.0,17.0,25.0,100.0,25.0,33.0,132.0
40900,Mark 38,Mark 14,HYDROGEL_PACK,XIRECS,9951.0,5,1,trades_round_4_day_1.csv,49755.0,1,HYDROGEL_PACK,9935,12,9932.0,25.0,,,9951,12,9953.0,25.0,,,9943.0,0.0,prices_round_4_day_1.csv,9932.0,9953.0,9942.5,16,37.0,37.0,0.0,9932.0,9953.0,9942.5,409,9944.0,9944.0,9944.0,9948.0,9953.0,9969.0,9979.0,30.0,30.0,9935,9951,buy,Mark 38,buyer,1.0,-8.0,True,early,3-5,1.0,-7.0,-35.0,1.0,-7.0,-35.0,1.0,-7.0,-35.0,5.0,-3.0,-15.0,10.0,2.0,10.0,26.0,18.0,90.0,36.0,28.0,140.0
41300,Mark 38,Mark 14,HYDROGEL_PACK,XIRECS,9953.0,5,1,trades_round_4_day_1.csv,49765.0,1,HYDROGEL_PACK,9937,14,9934.0,27.0,,,9953,14,9955.0,27.0,,,9945.0,0.0,prices_round_4_day_1.csv,9934.0,9955.0,9944.5,16,41.0,41.0,0.0,9934.0,9955.0,9944.5,413,9944.0,9945.0,9946.0,9959.0,9959.0,9972.0,9976.0,41.0,41.0,9937,9953,buy,Mark 38,buyer,1.0,-8.0,True,early,3-5,-1.0,-9.0,-45.0,0.0,-8.0,-40.0,1.0,-7.0,-35.0,14.0,6.0,30.0,14.0,6.0,30.0,27.0,19.0,95.0,31.0,23.0,115.0
43900,Mark 14,Mark 38,HYDROGEL_PACK,XIRECS,9952.0,6,1,trades_round_4_day_1.csv,59712.0,1,HYDROGEL_PACK,9952,12,9949.0,24.0,,,9968,12,9970.0,24.0,,,9960.0,0.0,prices_round_4_day_1.csv,9949.0,9970.0,9959.5,16,36.0,36.0,0.0,9949.0,9970.0,9959.5,439,9964.0,9968.0,9967.0,9969.0,9969.0,9968.0,9966.0,40.0,40.0,9952,9968,sell,Mark 14,buyer,1.0,8.0,False,early,6-10,4.0,12.0,72.0,8.0,16.0,96.0,7.0,15.0,90.0,9.0,17.0,102.0,9.0,17.0,102.0,8.0,16.0,96.0,6.0,14.0,84.0
45200,Mark 14,Mark 38,HYDROGEL_PACK,XIRECS,9961.0,2,1,trades_round_4_day_1.csv,19922.0,1,HYDROGEL_PACK,9961,14,9959.0,20.0,,,9977,14,9980.0,20.0,,,9969.0,0.0,prices_round_4_day_1.csv,9959.0,9980.0,9969.5,16,34.0,34.0,0.0,9959.0,9980.0,9969.5,452,9964.0,9971.0,9972.0,9971.0,9973.0,9982.0,9946.0,37.0,43.0,9961,9977,sell,Mark 14,buyer,1.0,8.0,False,early,1-2,-5.0,3.0,6.0,2.0,10.0,20.0,3.0,11.0,22.0,2.0,10.0,20.0,4.0,12.0,24.0,13.0,21.0,42.0,-23.0,-15.0,-30.0
48300,Mark 14,Mark 38,HYDROGEL_PACK,XIRECS,9960.0,3,1,trades_round_4_day_1.csv,29880.0,1,HYDROGEL_PACK,9960,15,9957.0,20.0,,,9975,15,9978.0,20.0,,,9967.5,0.0,prices_round_4_day_1.csv,9957.0,9978.0,9967.5,15,35.0,35.0,0.0,9957.0,9978.0,9967.5,483,9966.0,9966.0,9966.0,9975.0,9980.0,9967.0,9954.0,41.0,41.0,9960,9975,sell,Mark 14,buyer,1.0,7.5,False,early,3-5,-1.5,6.0,18.0,-1.5,6.0,18.0,-1.5,6.0,18.0,7.5,15.0,45.0,12.5,20.0,60.0,-0.5,7.0,21.0,-13.5,-6.0,-18.0
52400,Mark 14,Mark 38,HYDROGEL_PACK,XIRECS,9961.0,5,1,trades_round_4_day_1.csv,49805.0,1,HYDROGEL_PACK,9961,14,9959.0,20.0,,,9977,14,9980.0,20.0,,,9969.0,0.0,prices_round_4_day_1.csv,9959.0,9980.0,9969.5,16,34.0,34.0,0.0,9959.0,9980.0,9969.5,524,9971.0,9970.0,9969.0,9965.0,9954.0,9953.0,9940.0,40.0,40.0,9961,9977,sell,Mark 14,buyer,1.0,8.0,False,early,3-5,2.0,10.0,50.0,1.0,9.0,45.0,0.0,8.0,40.0,-4.0,4.0,20.0,-15.0,-7.0,-35.0,-16.0,-8.0,-40.0,-29.0,-21.0,-105.0
53000,Mark 14,Mark 38,HYDROGEL_PACK,XIRECS,9961.0,4,1,trades_round_4_day_1.csv,39844.0,1,HYDROGEL_PACK,9961,13,9958.0,29.0,,,9977,13,9979.0,29.0,,,9969.0,0.0,prices_round_4_day_1.csv,9958.0,9979.0,9968.5,16,42.0,42.0,0.0,9958.0,9979.0,9968.5,530,9968.5,9967.0,9968.0,9960.0,9947.5,9954.0,9942.5,36.0,36.0,9961,9977,sell,Mark 14,buyer,1.0,8.0,False,early,3-5,-0.5,7.5,30.0,-2.0,6.0,24.0,-1.0,7.0,28.0,-9.0,-1.0,-4.0,-21.5,-13.5,-54.0,-15.0,-7.0,-28.0,-26.5,-18.5,-74.0
59300,Mark 14,Mark 38,HYDROGEL_PACK,XIRECS,9949.0,4,1,trades_round_4_day_1.csv,39796.0,1,HYDROGEL_PACK,9949,15,9947.0,22.0,,,9965,15,9968.0,22.0,,,9957.0,0.0,prices_round_4_day_1.csv,9947.0,9968.0,9957.5,16,37.0,37.0,0.0,9947.0,9968.0,9957.5,593,9957.0,9955.0,9955.0,9953.0,9952.0,9941.0,9957.5,34.0,34.0,9949,9965,sell,Mark 14,buyer,1.0,8.0,False,early,3-5,0.0,8.0,32.0,-2.0,6.0,24.0,-2.0,6.0,24.0,-4.0,4.0,16.0,-5.0,3.0,12.0,-16.0,-8.0,-32.0,0.5,8.5,34.0
61100,Mark 38,Mark 14,HYDROGEL_PACK,XIRECS,9961.0,2,1,trades_round_4_day_1.csv,19922.0,1,HYDROGEL_PACK,9945,15,9943.0,29.0,,,9961,15,9964.0,29.0,,,9953.0,0.0,prices_round_4_day_1.csv,9943.0,9964.0,9953.5,16,44.0,44.0,0.0,9943.0,9964.0,9953.5,611,9952.0,9952.0,9953.0,9945.0,9942.0,9944.0,9963.0,33.0,33.0,9945,9961,buy,Mark 38,buyer,1.0,-8.0,True,early,1-2,-1.0,-9.0,-18.0,-1.0,-9.0,-18.0,0.0,-8.0,-16.0,-8.0,-16.0,-32.0,-11.0,-19.0,-38.0,-9.0,-17.0,-34.0,10.0,2.0,4.0
61400,Mark 38,Mark 14,HYDROGEL_PACK,XIRECS,9962.0,2,1,trades_round_4_day_1.csv,19924.0,1,HYDROGEL_PACK,9946,13,9944.0,28.0,,,9962,13,9965.0,28.0,,,9954.0,0.0,prices_round_4_day_1.csv,9944.0,9965.0,9954.5,16,41.0,41.0,0.0,9944.0,9965.0,9954.5,614,9954.0,9953.0,9948.0,9940.0,9937.0,9948.5,9961.0,37.0,37.0,9946,9962,buy,Mark 38,buyer,1.0,-8.0,True,early,1-2,0.0,-8.0,-16.0,-1.0,-9.0,-18.0,-6.0,-14.0,-28.0,-14.0,-22.0,-44.0,-17.0,-25.0,-50.0,-5.5,-13.5,-27.0,7.0,-1.0,-2.0
63200,Mark 38,Mark 14,HYDROGEL_PACK,XIRECS,9950.0,5,1,trades_round_4_day_1.csv,49750.0,1,HYDROGEL_PACK,9934,15,9931.0,24.0,,,9950,15,9952.0,24.0,,,9942.0,0.0,prices_round_4_day_1.csv,9931.0,9952.0,9941.5,16,39.0,39.0,0.0,9931.0,9952.0,9941.5,632,9940.0,9937.0,9937.0,9940.0,9937.0,9958.0,9971.0,45.0,45.0,9934,9950,buy,Mark 38,buyer,1.0,-8.0,True,early,3-5,-2.0,-10.0,-50.0,-5.0,-13.0,-65.0,-5.0,-13.0,-65.0,-2.0,-10.0,-50.0,-5.0,-13.0,-65.0,16.0,8.0,40.0,29.0,21.0,105.0
64300,Mark 14,Mark 38,HYDROGEL_PACK,XIRECS,9933.0,4,1,trades_round_4_day_1.csv,39732.0,1,HYDROGEL_PACK,9933,12,9930.0,20.0,,,9949,12,9951.0,20.0,,,9941.0,0.0,prices_round_4_day_1.csv,9930.0,9951.0,9940.5,16,32.0,32.0,0.0,9930.0,9951.0,9940.5,643,9940.5,9939.0,9937.0,9939.0,9951.0,9957.5,9983.0,39.0,39.0,9933,9949,sell,Mark 14,buyer,1.0,8.0,False,early,3-5,-0.5,7.5,30.0,-2.0,6.0,24.0,-4.0,4.0,16.0,-2.0,6.0,24.0,10.0,18.0,72.0,16.5,24.5,98.0,42.0,50.0,200.0
65400,Mark 14,Mark 38,HYDROGEL_PACK,XIRECS,9930.0,4,1,trades_round_4_day_1.csv,39720.0,1,HYDROGEL_PACK,9930,12,9928.0,21.0,,,9946,12,9949.0,21.0,,,9938.0,0.0,prices_round_4_day_1.csv,9928.0,9949.0,9938.5,16,33.0,33.0,0.0,9928.0,9949.0,9938.5,654,9939.0,9934.5,9942.5,9948.5,9956.0,9957.0,9983.0,34.0,34.0,9930,9946,sell,Mark 14,buyer,1.0,8.0,False,early,3-5,1.0,9.0,36.0,-3.5,4.5,18.0,4.5,12.5,50.0,10.5,18.5,74.0,18.0,26.0,104.0,19.0,27.0,108.0,45.0,53.0,212.0
65900,Mark 14,Mark 38,HYDROGEL_PACK,XIRECS,9935.0,2,1,trades_round_4_day_1.csv,19870.0,1,HYDROGEL_PACK,9935,15,9932.0,24.0,,,9950,15,9953.0,24.0,,,9942.5,0.0,prices_round_4_day_1.csv,9932.0,9953.0,9942.5,15,39.0,39.0,0.0,9932.0,9953.0,9942.5,659,9942.0,9944.0,9948.5,9949.0,9958.0,9961.0,9983.0,38.0,38.0,9935,9950,sell,Mark 14,buyer,1.0,7.5,False,early,1-2,-0.5,7.0,14.0,1.5,9.0,18.0,6.0,13.5,27.0,6.5,14.0,28.0,15.5,23.0,46.0,18.5,26.0,52.0,40.5,48.0,96.0
69500,Mark 14,Mark 38,HYDROGEL_PACK,XIRECS,9952.0,2,1,trades_round_4_day_1.csv,19904.0,1,HYDROGEL_PACK,9952,13,9949.0,30.0,,,9967,13,9970.0,30.0,,,9959.5,0.0,prices_round_4_day_1.csv,9949.0,9970.0,9959.5,15,43.0,43.0,0.0,9949.0,9970.0,9959.5,695,9962.0,9960.0,9957.0,9955.0,9965.0,9980.0,9983.0,36.0,36.0,9952,9967,sell,Mark 14,buyer,1.0,7.5,False,early,1-2,2.5,10.0,20.0,0.5,8.0,16.0,-2.5,5.0,10.0,-4.5,3.0,6.0,5.5,13.0,26.0,20.5,28.0,56.0,23.5,31.0,62.0
73500,Mark 14,Mark 38,HYDROGEL_PACK,XIRECS,9966.0,3,1,trades_round_4_day_1.csv,29898.0,1,HYDROGEL_PACK,9966,12,9964.0,24.0,,,9982,12,9985.0,24.0,,,9974.0,0.0,prices_round_4_day_1.csv,9964.0,9985.0,9974.5,16,36.0,36.0,0.0,9964.0,9985.0,9974.5,735,9978.0,9978.0,9980.0,9980.0,9980.0,9992.0,9975.0,40.0,40.0,9966,9982,sell,Mark 14,buyer,1.0,8.0,False,early,3-5,4.0,12.0,36.0,4.0,12.0,36.0,6.0,14.0,42.0,6.0,14.0,42.0,6.0,14.0,42.0,18.0,26.0,78.0,1.0,9.0,27.0
76600,Mark 38,Mark 14,HYDROGEL_PACK,XIRECS,9995.0,3,1,trades_round_4_day_1.csv,29985.0,1,HYDROGEL_PACK,9979,15,9977.0,29.0,,,9995,15,9998.0,29.0,,,9987.0,0.0,prices_round_4_day_1.csv,9977.0,9998.0,9987.5,16,44.0,44.0,0.0,9977.0,9998.0,9987.5,766,9990.0,9992.0,9991.0,9993.0,9990.0,9974.0,9964.0,41.0,41.0,9979,9995,buy,Mark 38,buyer,1.0,-8.0,True,early,3-5,3.0,-5.0,-15.0,5.0,-3.0,-9.0,4.0,-4.0,-12.0,6.0,-2.0,-6.0,3.0,-5.0,-15.0,-13.0,-21.0,-63.0,-23.0,-31.0,-93.0
78500,Mark 38,Mark 14,HYDROGEL_PACK,XIRECS,10000.0,4,1,trades_round_4_day_1.csv,40000.0,1,HYDROGEL_PACK,9984,15,9982.0,23.0,,,10000,15,10003.0,23.0,,,9992.0,0.0,prices_round_4_day_1.csv,9982.0,10003.0,9992.5,16,38.0,38.0,0.0,9982.0,10003.0,9992.5,785,9990.0,9990.0,9989.5,9983.0,9981.0,9975.0,9960.0,33.0,33.0,9984,10000,buy,Mark 38,buyer,1.0,-8.0,True,early,3-5,-2.0,-10.0,-40.0,-2.0,-10.0,-40.0,-2.5,-10.5,-42.0,-9.0,-17.0,-68.0,-11.0,-19.0,-76.0,-17.0,-25.0,-100.0,-32.0,-40.0,-160.0
79000,Mark 14,Mark 38,HYDROGEL_PACK,XIRECS,9982.0,3,1,trades_round_4_day_1.csv,29946.0,1,HYDROGEL_PACK,9982,13,9979.0,21.0,,,9997,13,10000.0,21.0,,,9989.5,0.0,prices_round_4_day_1.csv,9979.0,10000.0,9989.5,15,34.0,34.0,0.0,9979.0,10000.0,9989.5,790,9991.0,9989.0,9983.0,9984.0,9982.0,9971.0,9967.0,34.0,34.0,9982,9997,sell,Mark 14,buyer,1.0,7.5,False,early,3-5,1.5,9.0,27.0,-0.5,7.0,21.0,-6.5,1.0,3.0,-5.5,2.0,6.0,-7.5,0.0,0.0,-18.5,-11.0,-33.0,-22.5,-15.0,-45.0
79800,Mark 38,Mark 14,HYDROGEL_PACK,XIRECS,9994.0,6,1,trades_round_4_day_1.csv,59964.0,1,HYDROGEL_PACK,9978,12,9976.0,25.0,,,9994,12,9997.0,25.0,,,9986.0,0.0,prices_round_4_day_1.csv,9976.0,9997.0,9986.5,16,37.0,37.0,0.0,9976.0,9997.0,9986.5,798,9986.0,9984.0,9980.0,9985.0,9970.0,9968.5,9965.0,43.0,43.0,9978,9994,buy,Mark 38,buyer,1.0,-8.0,True,early,6-10,0.0,-8.0,-48.0,-2.0,-10.0,-60.0,-6.0,-14.0,-84.0,-1.0,-9.0,-54.0,-16.0,-24.0,-144.0,-17.5,-25.5,-153.0,-21.0,-29.0,-174.0
81300,Mark 14,Mark 38,HYDROGEL_PACK,XIRECS,9970.0,6,1,trades_round_4_day_1.csv,59820.0,1,HYDROGEL_PACK,9970,12,9967.0,28.0,,,9986,12,9988.0,28.0,,,9978.0,0.0,prices_round_4_day_1.csv,9967.0,9988.0,9977.5,16,40.0,40.0,0.0,9967.0,9988.0,9977.5,813,9973.0,9974.0,9970.0,9969.0,9975.0,9965.0,9958.0,36.0,36.0,9970,9986,sell,Mark 14,buyer,1.0,8.0,False,early,6-10,-5.0,3.0,18.0,-4.0,4.0,24.0,-8.0,0.0,0.0,-9.0,-1.0,-6.0,-3.0,5.0,30.0,-13.0,-5.0,-30.0,-20.0,-12.0,-72.0
81700,Mark 38,Mark 14,HYDROGEL_PACK,XIRECS,9980.0,3,1,trades_round_4_day_1.csv,29940.0,1,HYDROGEL_PACK,9964,10,9962.0,24.0,,,9980,10,9983.0,24.0,,,9972.0,0.0,prices_round_4_day_1.csv,9962.0,9983.0,9972.5,16,34.0,34.0,0.0,9962.0,9983.0,9972.5,817,9970.0,9970.0,9969.0,9980.5,9973.0,9964.0,9958.0,35.0,35.0,9964,9980,buy,Mark 38,buyer,1.0,-8.0,True,early,3-5,-2.0,-10.0,-30.0,-2.0,-10.0,-30.0,-3.0,-11.0,-33.0,8.5,0.5,1.5,1.0,-7.0,-21.0,-8.0,-16.0,-48.0,-14.0,-22.0,-66.0
81900,Mark 38,Mark 14,HYDROGEL_PACK,XIRECS,9978.0,2,1,trades_round_4_day_1.csv,19956.0,1,HYDROGEL_PACK,9962,12,9959.0,28.0,,,9978,12,9980.0,28.0,,,9970.0,0.0,prices_round_4_day_1.csv,9959.0,9980.0,9969.5,16,40.0,40.0,0.0,9959.0,9980.0,9969.5,819,9970.0,9973.0,9971.0,9969.0,9972.0,9962.5,9959.0,37.0,37.0,9962,9978,buy,Mark 38,buyer,1.0,-8.0,True,early,1-2,0.0,-8.0,-16.0,3.0,-5.0,-10.0,1.0,-7.0,-14.0,-1.0,-9.0,-18.0,2.0,-6.0,-12.0,-7.5,-15.5,-31.0,-11.0,-19.0,-38.0
82300,Mark 38,Mark 14,HYDROGEL_PACK,XIRECS,9977.0,3,1,trades_round_4_day_1.csv,29931.0,1,HYDROGEL_PACK,9961,11,9958.0,30.0,,,9977,11,9979.0,30.0,,,9969.0,0.0,prices_round_4_day_1.csv,9958.0,9979.0,9968.5,16,41.0,41.0,0.0,9958.0,9979.0,9968.5,823,9971.0,9973.0,9971.0,9975.0,9973.0,9965.0,9964.0,36.0,36.0,9961,9977,buy,Mark 38,buyer,1.0,-8.0,True,early,3-5,2.0,-6.0,-18.0,4.0,-4.0,-12.0,2.0,-6.0,-18.0,6.0,-2.0,-6.0,4.0,-4.0,-12.0,-4.0,-12.0,-36.0,-5.0,-13.0,-39.0
92100,Mark 14,Mark 38,HYDROGEL_PACK,XIRECS,9955.0,4,1,trades_round_4_day_1.csv,39820.0,1,HYDROGEL_PACK,9955,13,9952.0,29.0,,,9971,13,9973.0,29.0,,,9963.0,0.0,prices_round_4_day_1.csv,9952.0,9973.0,9962.5,16,42.0,42.0,0.0,9952.0,9973.0,9962.5,921,9965.0,9964.0,9966.0,9965.0,9970.0,9958.0,9952.0,39.0,39.0,9955,9971,sell,Mark 14,buyer,1.0,8.0,False,early,3-5,2.0,10.0,40.0,1.0,9.0,36.0,3.0,11.0,44.0,2.0,10.0,40.0,7.0,15.0,60.0,-5.0,3.0,12.0,-11.0,-3.0,-12.0
92500,Mark 14,Mark 38,HYDROGEL_PACK,XIRECS,9956.0,2,1,trades_round_4_day_1.csv,19912.0,1,HYDROGEL_PACK,9956,12,9953.0,27.0,,,9972,12,9974.0,27.0,,,9964.0,0.0,prices_round_4_day_1.csv,9953.0,9974.0,9963.5,16,39.0,39.0,0.0,9953.0,9974.0,9963.5,925,9966.0,9965.0,9963.0,9969.0,9964.0,9959.0,9949.5,41.0,41.0,9956,9972,sell,Mark 14,buyer,1.0,8.0,False,early,1-2,2.0,10.0,20.0,1.0,9.0,18.0,-1.0,7.0,14.0,5.0,13.0,26.0,0.0,8.0,16.0,-5.0,3.0,6.0,-14.5,-6.5,-13.0
94400,Mark 38,Mark 14,HYDROGEL_PACK,XIRECS,9974.0,4,1,trades_round_4_day_1.csv,39896.0,1,HYDROGEL_PACK,9958,15,9955.0,22.0,,,9974,15,9976.0,22.0,,,9966.0,0.0,prices_round_4_day_1.csv,9955.0,9976.0,9965.5,16,37.0,37.0,0.0,9955.0,9976.0,9965.5,944,9964.0,9965.0,9966.0,9963.5,9964.0,9951.0,9954.0,31.0,31.0,9958,9974,buy,Mark 38,buyer,1.0,-8.0,True,early,3-5,-2.0,-10.0,-40.0,-1.0,-9.0,-36.0,0.0,-8.0,-32.0,-2.5,-10.5,-42.0,-2.0,-10.0,-40.0,-15.0,-23.0,-92.0,-12.0,-20.0,-80.0
97100,Mark 14,Mark 38,HYDROGEL_PACK,XIRECS,9950.0,2,1,trades_round_4_day_1.csv,19900.0,1,HYDROGEL_PACK,9950,11,9948.0,29.0,,,9966,11,9968.0,29.0,,,9958.0,0.0,prices_round_4_day_1.csv,9948.0,9968.0,9958.0,16,40.0,40.0,0.0,9948.0,9968.0,9958.0,971,9958.0,9956.0,9959.0,9951.0,9952.0,9952.0,9960.0,31.0,31.0,9950,9966,sell,Mark 14,buyer,1.0,8.0,False,early,1-2,0.0,8.0,16.0,-2.0,6.0,12.0,1.0,9.0,18.0,-7.0,1.0,2.0,-6.0,2.0,4.0,-6.0,2.0,4.0,2.0,10.0,20.0
98600,Mark 38,Mark 14,HYDROGEL_PACK,XIRECS,9962.0,2,1,trades_round_4_day_1.csv,19924.0,1,HYDROGEL_PACK,9946,12,9944.0,24.0,,,9962,12,9965.0,24.0,,,9954.0,0.0,prices_round_4_day_1.csv,9944.0,9965.0,9954.5,16,36.0,36.0,0.0,9944.0,9965.0,9954.5,986,9954.0,9951.0,9952.0,9948.0,9952.5,9951.0,9964.0,39.0,39.0,9946,9962,buy,Mark 38,buyer,1.0,-8.0,True,early,1-2,0.0,-8.0,-16.0,-3.0,-11.0,-22.0,-2.0,-10.0,-20.0,-6.0,-14.0,-28.0,-1.5,-9.5,-19.0,-3.0,-11.0,-22.0,10.0,2.0,4.0
99000,Mark 38,Mark 14,HYDROGEL_PACK,XIRECS,9961.0,3,1,trades_round_4_day_1.csv,29883.0,1,HYDROGEL_PACK,9945,15,9942.0,27.0,,,9961,15,9963.0,27.0,,,9953.0,0.0,prices_round_4_day_1.csv,9942.0,9963.0,9952.5,16,42.0,42.0,0.0,9942.0,9963.0,9952.5,990,9952.0,9954.0,9951.5,9945.0,9944.0,9953.0,9964.0,32.0,32.0,9945,9961,buy,Mark 38,buyer,1.0,-8.0,True,early,3-5,-1.0,-9.0,-27.0,1.0,-7.0,-21.0,-1.5,-9.5,-28.5,-8.0,-16.0,-48.0,-9.0,-17.0,-51.0,0.0,-8.0,-24.0,11.0,3.0,9.0
101400,Mark 14,Mark 38,HYDROGEL_PACK,XIRECS,9936.0,5,1,trades_round_4_day_1.csv,49680.0,1,HYDROGEL_PACK,9936,13,9933.0,21.0,,,9952,13,9954.0,21.0,,,9944.0,0.0,prices_round_4_day_1.csv,9933.0,9954.0,9943.5,16,34.0,34.0,0.0,9933.0,9954.0,9943.5,1014,9943.0,9943.0,9951.0,9952.0,9948.0,9958.0,9957.0,35.0,35.0,9936,9952,sell,Mark 14,buyer,1.0,8.0,False,early,3-5,-1.0,7.0,35.0,-1.0,7.0,35.0,7.0,15.0,75.0,8.0,16.0,80.0,4.0,12.0,60.0,14.0,22.0,110.0,13.0,21.0,105.0
101500,Mark 14,Mark 38,HYDROGEL_PACK,XIRECS,9935.0,6,1,trades_round_4_day_1.csv,59610.0,1,HYDROGEL_PACK,9935,11,9932.0,24.0,,,9951,11,9953.0,24.0,,,9943.0,0.0,prices_round_4_day_1.csv,9932.0,9953.0,9942.5,16,35.0,35.0,0.0,9932.0,9953.0,9942.5,1015,9943.0,9941.0,9951.0,9949.5,9948.0,9956.0,9957.0,35.0,35.0,9935,9951,sell,Mark 14,buyer,1.0,8.0,False,early,6-10,0.0,8.0,48.0,-2.0,6.0,36.0,8.0,16.0,96.0,6.5,14.5,87.0,5.0,13.0,78.0,13.0,21.0,126.0,14.0,22.0,132.0
103100,Mark 38,Mark 14,HYDROGEL_PACK,XIRECS,9952.0,4,1,trades_round_4_day_1.csv,39808.0,1,HYDROGEL_PACK,9936,11,9933.0,25.0,,,9952,11,9954.0,25.0,,,9944.0,0.0,prices_round_4_day_1.csv,9933.0,9954.0,9943.5,16,36.0,36.0,0.0,9933.0,9954.0,9943.5,1031,9945.0,9948.0,9951.0,9951.0,9950.0,9954.0,9950.0,39.0,39.0,9936,9952,buy,Mark 38,buyer,1.0,-8.0,True,early,3-5,1.0,-7.0,-28.0,4.0,-4.0,-16.0,7.0,-1.0,-4.0,7.0,-1.0,-4.0,6.0,-2.0,-8.0,10.0,2.0,8.0,6.0,-2.0,-8.0
103500,Mark 14,Mark 38,HYDROGEL_PACK,XIRECS,9940.0,3,1,trades_round_4_day_1.csv,29820.0,1,HYDROGEL_PACK,9940,13,9938.0,24.0,,,9956,13,9959.0,24.0,,,9948.0,0.0,prices_round_4_day_1.csv,9938.0,9959.0,9948.5,16,37.0,37.0,0.0,9938.0,9959.0,9948.5,1035,9951.0,9953.0,9953.0,9952.0,9945.5,9963.0,9947.0,33.0,33.0,9940,9956,sell,Mark 14,buyer,1.0,8.0,False,early,3-5,3.0,11.0,33.0,5.0,13.0,39.0,5.0,13.0,39.0,4.0,12.0,36.0,-2.5,5.5,16.5,15.0,23.0,69.0,-1.0,7.0,21.0
107100,Mark 14,Mark 38,HYDROGEL_PACK,XIRECS,9952.0,5,1,trades_round_4_day_1.csv,49760.0,1,HYDROGEL_PACK,9952,13,9949.0,28.0,,,9968,13,9970.0,28.0,,,9960.0,0.0,prices_round_4_day_1.csv,9949.0,9970.0,9959.5,16,41.0,41.0,0.0,9949.0,9970.0,9959.5,1071,9963.0,9960.0,9960.0,9954.0,9965.0,9957.0,9959.0,36.0,36.0,9952,9968,sell,Mark 14,buyer,1.0,8.0,False,early,3-5,3.0,11.0,55.0,0.0,8.0,40.0,0.0,8.0,40.0,-6.0,2.0,10.0,5.0,13.0,65.0,-3.0,5.0,25.0,-1.0,7.0,35.0
109100,Mark 14,Mark 38,HYDROGEL_PACK,XIRECS,9957.0,2,1,trades_round_4_day_1.csv,19914.0,1,HYDROGEL_PACK,9957,12,9955.0,24.0,,,9973,12,9976.0,24.0,,,9965.0,0.0,prices_round_4_day_1.csv,9955.0,9976.0,9965.5,16,36.0,36.0,0.0,9955.0,9976.0,9965.5,1091,9965.0,9968.0,9966.0,9960.0,9959.0,9944.0,9952.0,39.0,39.0,9957,9973,sell,Mark 14,buyer,1.0,8.0,False,early,1-2,0.0,8.0,16.0,3.0,11.0,22.0,1.0,9.0,18.0,-5.0,3.0,6.0,-6.0,2.0,4.0,-21.0,-13.0,-26.0,-13.0,-5.0,-10.0
112700,Mark 14,Mark 38,HYDROGEL_PACK,XIRECS,9948.0,2,1,trades_round_4_day_1.csv,19896.0,1,HYDROGEL_PACK,9948,14,9945.0,26.0,,,9964,14,9966.0,26.0,,,9956.0,0.0,prices_round_4_day_1.csv,9945.0,9966.0,9955.5,16,40.0,40.0,0.0,9945.0,9966.0,9955.5,1127,9952.0,9954.5,9950.0,9949.0,9945.0,9968.0,9947.0,44.0,44.0,9948,9964,sell,Mark 14,buyer,1.0,8.0,False,early,1-2,-4.0,4.0,8.0,-1.5,6.5,13.0,-6.0,2.0,4.0,-7.0,1.0,2.0,-11.0,-3.0,-6.0,12.0,20.0,40.0,-9.0,-1.0,-2.0
113900,Mark 38,Mark 14,HYDROGEL_PACK,XIRECS,9956.0,2,1,trades_round_4_day_1.csv,19912.0,1,HYDROGEL_PACK,9940,15,9938.0,20.0,,,9956,15,9959.0,20.0,,,9948.0,0.0,prices_round_4_day_1.csv,9938.0,9959.0,9948.5,16,35.0,35.0,0.0,9938.0,9959.0,9948.5,1139,9947.0,9944.0,9948.0,9951.0,9947.0,9949.0,9942.0,36.0,36.0,9940,9956,buy,Mark 38,buyer,1.0,-8.0,True,early,1-2,-1.0,-9.0,-18.0,-4.0,-12.0,-24.0,0.0,-8.0,-16.0,3.0,-5.0,-10.0,-1.0,-9.0,-18.0,1.0,-7.0,-14.0,-6.0,-14.0,-28.0
115500,Mark 14,Mark 38,HYDROGEL_PACK,XIRECS,9937.0,3,1,trades_round_4_day_1.csv,29811.0,1,HYDROGEL_PACK,9937,10,9935.0,30.0,,,9953,10,9956.0,30.0,,,9945.0,0.0,prices_round_4_day_1.csv,9935.0,9956.0,9945.5,16,40.0,40.0,0.0,9935.0,9956.0,9945.5,1155,9945.0,9946.0,9949.0,9946.5,9969.0,9954.0,9946.0,32.0,32.0,9937,9953,sell,Mark 14,buyer,1.0,8.0,False,early,3-5,0.0,8.0,24.0,1.0,9.0,27.0,4.0,12.0,36.0,1.5,9.5,28.5,24.0,32.0,96.0,9.0,17.0,51.0,1.0,9.0,27.0
119400,Mark 38,Mark 14,HYDROGEL_PACK,XIRECS,9962.0,3,1,trades_round_4_day_1.csv,29886.0,1,HYDROGEL_PACK,9946,10,9943.0,24.0,,,9962,10,9964.0,24.0,,,9954.0,0.0,prices_round_4_day_1.csv,9943.0,9964.0,9953.5,16,34.0,34.0,0.0,9943.0,9964.0,9953.5,1194,9956.0,9956.0,9957.0,9954.0,9953.5,9945.0,9959.0,36.0,36.0,9946,9962,buy,Mark 38,buyer,1.0,-8.0,True,early,3-5,2.0,-6.0,-18.0,2.0,-6.0,-18.0,3.0,-5.0,-15.0,0.0,-8.0,-24.0,-0.5,-8.5,-25.5,-9.0,-17.0,-51.0,5.0,-3.0,-9.0
120700,Mark 38,Mark 14,HYDROGEL_PACK,XIRECS,9958.0,2,1,trades_round_4_day_1.csv,19916.0,1,HYDROGEL_PACK,9942,13,9940.0,20.0,,,9958,13,9961.0,20.0,,,9950.0,0.0,prices_round_4_day_1.csv,9940.0,9961.0,9950.5,16,33.0,33.0,0.0,9940.0,9961.0,9950.5,1207,9949.0,9949.0,9954.0,9954.0,9947.0,9945.0,9955.5,32.0,32.0,9942,9958,buy,Mark 38,buyer,1.0,-8.0,True,early,1-2,-1.0,-9.0,-18.0,-1.0,-9.0,-18.0,4.0,-4.0,-8.0,4.0,-4.0,-8.0,-3.0,-11.0,-22.0,-5.0,-13.0,-26.0,5.5,-2.5,-5.0
126000,Mark 38,Mark 14,HYDROGEL_PACK,XIRECS,9953.0,4,1,trades_round_4_day_1.csv,39812.0,1,HYDROGEL_PACK,9937,13,9935.0,24.0,,,9953,13,9956.0,24.0,,,9945.0,0.0,prices_round_4_day_1.csv,9935.0,9956.0,9945.5,16,37.0,37.0,0.0,9935.0,9956.0,9945.5,1260,9946.0,9944.0,9946.0,9949.0,9955.0,9950.0,9953.0,34.0,34.0,9937,9953,buy,Mark 38,buyer,1.0,-8.0,True,early,3-5,1.0,-7.0,-28.0,-1.0,-9.0,-36.0,1.0,-7.0,-28.0,4.0,-4.0,-16.0,10.0,2.0,8.0,5.0,-3.0,-12.0,8.0,0.0,0.0
129500,Mark 38,Mark 14,HYDROGEL_PACK,XIRECS,9967.0,6,1,trades_round_4_day_1.csv,59802.0,1,HYDROGEL_PACK,9951,14,9949.0,21.0,,,9967,14,9970.0,21.0,,,9959.0,0.0,prices_round_4_day_1.csv,9949.0,9970.0,9959.5,16,35.0,35.0,0.0,9949.0,9970.0,9959.5,1295,9957.0,9959.0,9957.0,9956.0,9951.0,9952.0,9964.0,39.0,39.0,9951,9967,buy,Mark 38,buyer,1.0,-8.0,True,early,6-10,-2.0,-10.0,-60.0,0.0,-8.0,-48.0,-2.0,-10.0,-60.0,-3.0,-11.0,-66.0,-8.0,-16.0,-96.0,-7.0,-15.0,-90.0,5.0,-3.0,-18.0
129800,Mark 14,Mark 38,HYDROGEL_PACK,XIRECS,9951.0,4,1,trades_round_4_day_1.csv,39804.0,1,HYDROGEL_PACK,9951,11,9948.0,29.0,,,9967,11,9969.0,29.0,,,9959.0,0.0,prices_round_4_day_1.csv,9948.0,9969.0,9958.5,16,40.0,40.0,0.0,9948.0,9969.0,9958.5,1298,9958.0,9957.0,9958.5,9954.0,9951.0,9955.0,9968.0,36.0,36.0,9951,9967,sell,Mark 14,buyer,1.0,8.0,False,early,3-5,-1.0,7.0,28.0,-2.0,6.0,24.0,-0.5,7.5,30.0,-5.0,3.0,12.0,-8.0,0.0,0.0,-4.0,4.0,16.0,9.0,17.0,68.0
130800,Mark 14,Mark 38,HYDROGEL_PACK,XIRECS,9946.0,5,1,trades_round_4_day_1.csv,49730.0,1,HYDROGEL_PACK,9946,12,9943.0,26.0,,,9962,12,9964.0,26.0,,,9954.0,0.0,prices_round_4_day_1.csv,9943.0,9964.0,9953.5,16,38.0,38.0,0.0,9943.0,9964.0,9953.5,1308,9952.0,9950.0,9949.0,9951.0,9960.5,9954.0,9961.0,36.0,36.0,9946,9962,sell,Mark 14,buyer,1.0,8.0,False,early,3-5,-2.0,6.0,30.0,-4.0,4.0,20.0,-5.0,3.0,15.0,-3.0,5.0,25.0,6.5,14.5,72.5,0.0,8.0,40.0,7.0,15.0,75.0
133700,Mark 14,Mark 38,HYDROGEL_PACK,XIRECS,9948.0,4,1,trades_round_4_day_1.csv,39792.0,1,HYDROGEL_PACK,9948,14,9946.0,25.0,,,9964,14,9967.0,25.0,,,9956.0,0.0,prices_round_4_day_1.csv,9946.0,9967.0,9956.5,16,39.0,39.0,0.0,9946.0,9967.0,9956.5,1337,9955.0,9958.5,9955.0,9957.0,9957.0,9966.0,9954.0,33.0,33.0,9948,9964,sell,Mark 14,buyer,1.0,8.0,False,early,3-5,-1.0,7.0,28.0,2.5,10.5,42.0,-1.0,7.0,28.0,1.0,9.0,36.0,1.0,9.0,36.0,10.0,18.0,72.0,-2.0,6.0,24.0
134500,Mark 14,Mark 38,HYDROGEL_PACK,XIRECS,9944.0,6,1,trades_round_4_day_1.csv,59664.0,1,HYDROGEL_PACK,9944,13,9941.0,24.0,,,9960,13,9962.0,24.0,,,9952.0,0.0,prices_round_4_day_1.csv,9941.0,9962.0,9951.5,16,37.0,37.0,0.0,9941.0,9962.0,9951.5,1345,9956.0,9957.0,9956.0,9955.0,9951.0,9964.0,9953.0,40.0,40.0,9944,9960,sell,Mark 14,buyer,1.0,8.0,False,early,6-10,4.0,12.0,72.0,5.0,13.0,78.0,4.0,12.0,72.0,3.0,11.0,66.0,-1.0,7.0,42.0,12.0,20.0,120.0,1.0,9.0,54.0
137800,Mark 14,Mark 38,HYDROGEL_PACK,XIRECS,9942.0,3,1,trades_round_4_day_1.csv,29826.0,1,HYDROGEL_PACK,9942,11,9940.0,30.0,,,9958,11,9961.0,30.0,,,9950.0,0.0,prices_round_4_day_1.csv,9940.0,9961.0,9950.5,16,41.0,41.0,0.0,9940.0,9961.0,9950.5,1378,9953.0,9953.5,9952.5,9967.0,9968.0,9964.0,9966.0,38.0,38.0,9942,9958,sell,Mark 14,buyer,1.0,8.0,False,early,3-5,3.0,11.0,33.0,3.5,11.5,34.5,2.5,10.5,31.5,17.0,25.0,75.0,18.0,26.0,78.0,14.0,22.0,66.0,16.0,24.0,72.0
138100,Mark 38,Mark 14,HYDROGEL_PACK,XIRECS,9959.0,2,1,trades_round_4_day_1.csv,19918.0,1,HYDROGEL_PACK,9943,15,9941.0,30.0,,,9959,15,9962.0,30.0,,,9951.0,0.0,prices_round_4_day_1.csv,9941.0,9962.0,9951.5,16,45.0,45.0,0.0,9941.0,9962.0,9951.5,1381,9952.0,9952.5,9963.0,9963.0,9965.0,9964.0,9963.0,40.0,40.0,9943,9959,buy,Mark 38,buyer,1.0,-8.0,True,early,1-2,1.0,-7.0,-14.0,1.5,-6.5,-13.0,12.0,4.0,8.0,12.0,4.0,8.0,14.0,6.0,12.0,13.0,5.0,10.0,12.0,4.0,8.0
145600,Mark 38,Mark 14,HYDROGEL_PACK,XIRECS,9962.0,5,1,trades_round_4_day_1.csv,49810.0,1,HYDROGEL_PACK,9946,15,9944.0,30.0,,,9962,15,9965.0,30.0,,,9954.0,0.0,prices_round_4_day_1.csv,9944.0,9965.0,9954.5,16,45.0,45.0,0.0,9944.0,9965.0,9954.5,1456,9958.0,9958.0,9957.0,9956.0,9964.0,9958.0,9959.0,36.0,36.0,9946,9962,buy,Mark 38,buyer,1.0,-8.0,True,early,3-5,4.0,-4.0,-20.0,4.0,-4.0,-20.0,3.0,-5.0,-25.0,2.0,-6.0,-30.0,10.0,2.0,10.0,4.0,-4.0,-20.0,5.0,-3.0,-15.0
146500,Mark 38,Mark 14,HYDROGEL_PACK,XIRECS,9963.0,6,1,trades_round_4_day_1.csv,59778.0,1,HYDROGEL_PACK,9947,10,9944.0,24.0,,,9963,10,9965.0,24.0,,,9955.0,0.0,prices_round_4_day_1.csv,9944.0,9965.0,9954.5,16,34.0,34.0,0.0,9944.0,9965.0,9954.5,1465,9956.0,9959.0,9959.0,9961.0,9964.0,9954.0,9959.0,41.0,41.0,9947,9963,buy,Mark 38,buyer,1.0,-8.0,True,early,6-10,1.0,-7.0,-42.0,4.0,-4.0,-24.0,4.0,-4.0,-24.0,6.0,-2.0,-12.0,9.0,1.0,6.0,-1.0,-9.0,-54.0,4.0,-4.0,-24.0
148000,Mark 38,Mark 14,HYDROGEL_PACK,XIRECS,9972.0,3,1,trades_round_4_day_1.csv,29916.0,1,HYDROGEL_PACK,9956,14,9953.0,29.0,,,9972,14,9974.0,29.0,,,9964.0,0.0,prices_round_4_day_1.csv,9953.0,9974.0,9963.5,16,43.0,43.0,0.0,9953.0,9974.0,9963.5,1480,9963.0,9961.0,9964.0,9965.0,9965.0,9953.0,9955.0,39.0,39.0,9956,9972,buy,Mark 38,buyer,1.0,-8.0,True,early,3-5,-1.0,-9.0,-27.0,-3.0,-11.0,-33.0,0.0,-8.0,-24.0,1.0,-7.0,-21.0,1.0,-7.0,-21.0,-11.0,-19.0,-57.0,-9.0,-17.0,-51.0
151100,Mark 14,Mark 38,HYDROGEL_PACK,XIRECS,9945.0,4,1,trades_round_4_day_1.csv,39780.0,1,HYDROGEL_PACK,9945,14,9942.0,28.0,,,9961,14,9963.0,28.0,,,9953.0,0.0,prices_round_4_day_1.csv,9942.0,9963.0,9952.5,16,42.0,42.0,0.0,9942.0,9963.0,9952.5,1511,9952.0,9951.0,9956.0,9952.0,9955.0,9955.0,9966.0,36.0,36.0,9945,9961,sell,Mark 14,buyer,1.0,8.0,False,early,3-5,-1.0,7.0,28.0,-2.0,6.0,24.0,3.0,11.0,44.0,-1.0,7.0,28.0,2.0,10.0,40.0,2.0,10.0,40.0,13.0,21.0,84.0
151200,Mark 14,Mark 38,HYDROGEL_PACK,XIRECS,9944.0,6,1,trades_round_4_day_1.csv,59664.0,1,HYDROGEL_PACK,9944,12,9941.0,24.0,,,9960,12,9962.0,24.0,,,9952.0,0.0,prices_round_4_day_1.csv,9941.0,9962.0,9951.5,16,36.0,36.0,0.0,9941.0,9962.0,9951.5,1512,9951.0,9953.0,9952.0,9953.5,9957.0,9955.0,9963.5,43.0,43.0,9944,9960,sell,Mark 14,buyer,1.0,8.0,False,early,6-10,-1.0,7.0,42.0,1.0,9.0,54.0,0.0,8.0,48.0,1.5,9.5,57.0,5.0,13.0,78.0,3.0,11.0,66.0,11.5,19.5,117.0
152700,Mark 14,Mark 38,HYDROGEL_PACK,XIRECS,9944.0,5,1,trades_round_4_day_1.csv,49720.0,1,HYDROGEL_PACK,9944,13,9941.0,26.0,,,9960,13,9962.0,26.0,,,9952.0,0.0,prices_round_4_day_1.csv,9941.0,9962.0,9951.5,16,39.0,39.0,0.0,9941.0,9962.0,9951.5,1527,9954.0,9954.0,9957.0,9955.0,9955.0,9963.0,9970.0,41.0,41.0,9944,9960,sell,Mark 14,buyer,1.0,8.0,False,early,3-5,2.0,10.0,50.0,2.0,10.0,50.0,5.0,13.0,65.0,3.0,11.0,55.0,3.0,11.0,55.0,11.0,19.0,95.0,18.0,26.0,130.0
155900,Mark 38,Mark 14,HYDROGEL_PACK,XIRECS,9966.0,4,1,trades_round_4_day_1.csv,39864.0,1,HYDROGEL_PACK,9951,12,9948.0,27.0,,,9966,12,9969.0,27.0,,,9958.5,0.0,prices_round_4_day_1.csv,9948.0,9969.0,9958.5,15,39.0,39.0,0.0,9948.0,9969.0,9958.5,1559,9957.0,9955.0,9957.0,9962.0,9959.0,9968.0,9969.0,33.0,33.0,9951,9966,buy,Mark 38,buyer,1.0,-7.5,True,early,3-5,-1.5,-9.0,-36.0,-3.5,-11.0,-44.0,-1.5,-9.0,-36.0,3.5,-4.0,-16.0,0.5,-7.0,-28.0,9.5,2.0,8.0,10.5,3.0,12.0
156400,Mark 14,Mark 38,HYDROGEL_PACK,XIRECS,9949.0,6,1,trades_round_4_day_1.csv,59694.0,1,HYDROGEL_PACK,9949,12,9947.0,28.0,,,9965,12,9968.0,28.0,,,9957.0,0.0,prices_round_4_day_1.csv,9947.0,9968.0,9957.5,16,40.0,40.0,0.0,9947.0,9968.0,9957.5,1564,9959.0,9962.0,9962.0,9962.5,9954.0,9968.0,9970.0,34.0,34.0,9949,9965,sell,Mark 14,buyer,1.0,8.0,False,early,6-10,2.0,10.0,60.0,5.0,13.0,78.0,5.0,13.0,78.0,5.5,13.5,81.0,-3.0,5.0,30.0,11.0,19.0,114.0,13.0,21.0,126.0
159900,Mark 14,Mark 38,HYDROGEL_PACK,XIRECS,9961.0,3,1,trades_round_4_day_1.csv,29883.0,1,HYDROGEL_PACK,9961,14,9958.0,27.0,,,9977,14,9979.0,27.0,,,9969.0,0.0,prices_round_4_day_1.csv,9958.0,9979.0,9968.5,16,41.0,41.0,0.0,9958.0,9979.0,9968.5,1599,9970.0,9969.0,9965.0,9968.0,9961.0,9967.0,9965.0,32.0,32.0,9961,9977,sell,Mark 14,buyer,1.0,8.0,False,early,3-5,1.0,9.0,27.0,0.0,8.0,24.0,-4.0,4.0,12.0,-1.0,7.0,21.0,-8.0,0.0,0.0,-2.0,6.0,18.0,-4.0,4.0,12.0
161200,Mark 14,Mark 38,HYDROGEL_PACK,XIRECS,9956.0,6,1,trades_round_4_day_1.csv,59736.0,1,HYDROGEL_PACK,9956,10,9953.0,30.0,,,9971,10,9974.0,30.0,,,9963.5,0.0,prices_round_4_day_1.csv,9953.0,9974.0,9963.5,15,40.0,40.0,0.0,9953.0,9974.0,9963.5,1612,9967.0,9968.0,9967.0,9967.0,9971.0,9969.0,9981.0,33.0,33.0,9956,9971,sell,Mark 14,buyer,1.0,7.5,False,early,6-10,3.5,11.0,66.0,4.5,12.0,72.0,3.5,11.0,66.0,3.5,11.0,66.0,7.5,15.0,90.0,5.5,13.0,78.0,17.5,25.0,150.0
164300,Mark 38,Mark 14,HYDROGEL_PACK,XIRECS,9973.0,5,1,trades_round_4_day_1.csv,49865.0,1,HYDROGEL_PACK,9957,12,9955.0,27.0,,,9973,12,9976.0,27.0,,,9965.0,0.0,prices_round_4_day_1.csv,9955.0,9976.0,9965.5,16,39.0,39.0,0.0,9955.0,9976.0,9965.5,1643,9967.0,9968.0,9971.0,9968.0,9969.0,9966.0,9977.0,44.0,44.0,9957,9973,buy,Mark 38,buyer,1.0,-8.0,True,early,3-5,2.0,-6.0,-30.0,3.0,-5.0,-25.0,6.0,-2.0,-10.0,3.0,-5.0,-25.0,4.0,-4.0,-20.0,1.0,-7.0,-35.0,12.0,4.0,20.0
167300,Mark 14,Mark 38,HYDROGEL_PACK,XIRECS,9957.0,3,1,trades_round_4_day_1.csv,29871.0,1,HYDROGEL_PACK,9957,15,9955.0,24.0,,,9973,15,9975.0,24.0,,,9965.0,0.0,prices_round_4_day_1.csv,9955.0,9975.0,9965.0,16,39.0,39.0,0.0,9955.0,9975.0,9965.0,1673,9964.0,9962.0,9960.0,9962.0,9966.0,9975.0,9998.0,41.0,41.0,9957,9973,sell,Mark 14,buyer,1.0,8.0,False,early,3-5,-1.0,7.0,21.0,-3.0,5.0,15.0,-5.0,3.0,9.0,-3.0,5.0,15.0,1.0,9.0,27.0,10.0,18.0,54.0,33.0,41.0,123.0
171400,Mark 38,Mark 14,HYDROGEL_PACK,XIRECS,9992.0,6,1,trades_round_4_day_1.csv,59952.0,1,HYDROGEL_PACK,9976,10,9974.0,29.0,,,9992,10,9995.0,29.0,,,9984.0,0.0,prices_round_4_day_1.csv,9974.0,9995.0,9984.5,16,39.0,39.0,0.0,9974.0,9995.0,9984.5,1714,9983.0,9979.0,9977.0,9974.0,9971.0,10001.0,10009.0,33.0,33.0,9976,9992,buy,Mark 38,buyer,1.0,-8.0,True,early,6-10,-1.0,-9.0,-54.0,-5.0,-13.0,-78.0,-7.0,-15.0,-90.0,-10.0,-18.0,-108.0,-13.0,-21.0,-126.0,17.0,9.0,54.0,25.0,17.0,102.0
174200,Mark 38,Mark 14,HYDROGEL_PACK,XIRECS,9988.0,5,1,trades_round_4_day_1.csv,49940.0,1,HYDROGEL_PACK,9972,11,9969.0,29.0,,,9988,11,9990.0,29.0,,,9980.0,0.0,prices_round_4_day_1.csv,9969.0,9990.0,9979.5,16,40.0,40.0,0.0,9969.0,9990.0,9979.5,1742,9977.0,9983.5,9981.0,9987.0,9997.0,10000.0,10014.0,40.0,44.0,9972,9988,buy,Mark 38,buyer,1.0,-8.0,True,early,3-5,-3.0,-11.0,-55.0,3.5,-4.5,-22.5,1.0,-7.0,-35.0,7.0,-1.0,-5.0,17.0,9.0,45.0,20.0,12.0,60.0,34.0,26.0,130.0
174400,Mark 38,Mark 14,HYDROGEL_PACK,XIRECS,9991.0,6,1,trades_round_4_day_1.csv,59946.0,1,HYDROGEL_PACK,9976,10,9973.0,28.0,,,9991,10,9994.0,28.0,,,9983.5,0.0,prices_round_4_day_1.csv,9973.0,9994.0,9983.5,15,38.0,38.0,0.0,9973.0,9994.0,9983.5,1744,9984.0,9984.0,9986.0,9987.0,10001.0,9999.0,10016.0,40.0,40.0,9976,9991,buy,Mark 38,buyer,1.0,-7.5,True,early,6-10,0.5,-7.0,-42.0,0.5,-7.0,-42.0,2.5,-5.0,-30.0,3.5,-4.0,-24.0,17.5,10.0,60.0,15.5,8.0,48.0,32.5,25.0,150.0
178000,Mark 14,Mark 38,HYDROGEL_PACK,XIRECS,9988.0,3,1,trades_round_4_day_1.csv,29964.0,1,HYDROGEL_PACK,9988,11,9985.0,21.0,,,10004,11,10006.0,21.0,,,9996.0,0.0,prices_round_4_day_1.csv,9985.0,10006.0,9995.5,16,32.0,32.0,0.0,9985.0,10006.0,9995.5,1780,9997.0,9996.0,9994.0,10000.0,10002.0,10013.0,10026.0,40.0,40.0,9988,10004,sell,Mark 14,buyer,1.0,8.0,False,early,3-5,1.0,9.0,27.0,0.0,8.0,24.0,-2.0,6.0,18.0,4.0,12.0,36.0,6.0,14.0,42.0,17.0,25.0,75.0,30.0,38.0,114.0
182100,Mark 14,Mark 38,HYDROGEL_PACK,XIRECS,10012.0,3,1,trades_round_4_day_1.csv,30036.0,1,HYDROGEL_PACK,10012,15,10010.0,22.0,,,10028,15,10031.0,22.0,,,10020.0,0.0,prices_round_4_day_1.csv,10010.0,10031.0,10020.5,16,37.0,37.0,0.0,10010.0,10031.0,10020.5,1821,10020.0,10018.0,10019.0,10012.0,10013.0,10029.0,10022.0,33.0,33.0,10012,10028,sell,Mark 14,buyer,1.0,8.0,False,early,3-5,0.0,8.0,24.0,-2.0,6.0,18.0,-1.0,7.0,21.0,-8.0,0.0,0.0,-7.0,1.0,3.0,9.0,17.0,51.0,2.0,10.0,30.0
182800,Mark 14,Mark 38,HYDROGEL_PACK,XIRECS,10010.0,5,1,trades_round_4_day_1.csv,50050.0,1,HYDROGEL_PACK,10010,14,10008.0,22.0,,,10026,14,10029.0,22.0,,,10018.0,0.0,prices_round_4_day_1.csv,10008.0,10029.0,10018.5,16,36.0,36.0,0.0,10008.0,10029.0,10018.5,1828,10016.0,10013.0,10008.5,10014.0,10020.0,10026.0,10015.0,41.0,41.0,10010,10026,sell,Mark 14,buyer,1.0,8.0,False,early,3-5,-2.0,6.0,30.0,-5.0,3.0,15.0,-9.5,-1.5,-7.5,-4.0,4.0,20.0,2.0,10.0,50.0,8.0,16.0,80.0,-3.0,5.0,25.0
185800,Mark 38,Mark 14,HYDROGEL_PACK,XIRECS,10040.0,4,1,trades_round_4_day_1.csv,40160.0,1,HYDROGEL_PACK,10024,13,10022.0,24.0,,,10040,13,10043.0,24.0,,,10032.0,0.0,prices_round_4_day_1.csv,10022.0,10043.0,10032.5,16,37.0,37.0,0.0,10022.0,10043.0,10032.5,1858,10032.0,10031.0,10023.0,10028.0,10026.0,10028.0,10004.0,35.0,35.0,10024,10040,buy,Mark 38,buyer,1.0,-8.0,True,early,3-5,0.0,-8.0,-32.0,-1.0,-9.0,-36.0,-9.0,-17.0,-68.0,-4.0,-12.0,-48.0,-6.0,-14.0,-56.0,-4.0,-12.0,-48.0,-28.0,-36.0,-144.0
188400,Mark 14,Mark 38,HYDROGEL_PACK,XIRECS,10021.0,4,1,trades_round_4_day_1.csv,40084.0,1,HYDROGEL_PACK,10021,10,10019.0,24.0,,,10037,10,10040.0,24.0,,,10029.0,0.0,prices_round_4_day_1.csv,10019.0,10040.0,10029.5,16,34.0,34.0,0.0,10019.0,10040.0,10029.5,1884,10029.0,10030.0,10026.0,10034.0,10026.0,10018.0,10003.0,38.0,38.0,10021,10037,sell,Mark 14,buyer,1.0,8.0,False,early,3-5,0.0,8.0,32.0,1.0,9.0,36.0,-3.0,5.0,20.0,5.0,13.0,52.0,-3.0,5.0,20.0,-11.0,-3.0,-12.0,-26.0,-18.0,-72.0
192800,Mark 14,Mark 38,HYDROGEL_PACK,XIRECS,10007.0,5,1,trades_round_4_day_1.csv,50035.0,1,HYDROGEL_PACK,10007,10,10004.0,22.0,,,10023,10,10025.0,22.0,,,10015.0,0.0,prices_round_4_day_1.csv,10004.0,10025.0,10014.5,16,32.0,32.0,0.0,10004.0,10025.0,10014.5,1928,10016.0,10017.0,10016.0,10017.0,10007.0,10005.0,10025.0,37.0,37.0,10007,10023,sell,Mark 14,buyer,1.0,8.0,False,early,3-5,1.0,9.0,45.0,2.0,10.0,50.0,1.0,9.0,45.0,2.0,10.0,50.0,-8.0,0.0,0.0,-10.0,-2.0,-10.0,10.0,18.0,90.0
193400,Mark 38,Mark 14,HYDROGEL_PACK,XIRECS,10026.0,4,1,trades_round_4_day_1.csv,40104.0,1,HYDROGEL_PACK,10010,15,10007.0,27.0,,,10026,15,10028.0,27.0,,,10018.0,0.0,prices_round_4_day_1.csv,10007.0,10028.0,10017.5,16,42.0,42.0,0.0,10007.0,10028.0,10017.5,1934,10016.0,10017.0,10015.0,10012.0,10004.0,10003.0,10021.0,40.0,40.0,10010,10026,buy,Mark 38,buyer,1.0,-8.0,True,early,3-5,-2.0,-10.0,-40.0,-1.0,-9.0,-36.0,-3.0,-11.0,-44.0,-6.0,-14.0,-56.0,-14.0,-22.0,-88.0,-15.0,-23.0,-92.0,3.0,-5.0,-20.0
199400,Mark 38,Mark 14,HYDROGEL_PACK,XIRECS,10029.0,3,1,trades_round_4_day_1.csv,30087.0,1,HYDROGEL_PACK,10013,15,10010.0,22.0,,,10029,15,10031.0,22.0,,,10021.0,0.0,prices_round_4_day_1.csv,10010.0,10031.0,10020.5,16,37.0,37.0,0.0,10010.0,10031.0,10020.5,1994,10021.0,10019.0,10016.0,10013.0,10020.5,10014.0,10014.0,41.0,41.0,10013,10029,buy,Mark 38,buyer,1.0,-8.0,True,early,3-5,0.0,-8.0,-24.0,-2.0,-10.0,-30.0,-5.0,-13.0,-39.0,-8.0,-16.0,-48.0,-0.5,-8.5,-25.5,-7.0,-15.0,-45.0,-7.0,-15.0,-45.0
202700,Mark 38,Mark 14,HYDROGEL_PACK,XIRECS,10033.0,5,1,trades_round_4_day_1.csv,50165.0,1,HYDROGEL_PACK,10017,11,10015.0,29.0,,,10033,11,10036.0,29.0,,,10025.0,0.0,prices_round_4_day_1.csv,10015.0,10036.0,10025.5,16,40.0,40.0,0.0,10015.0,10036.0,10025.5,2027,10025.0,10023.0,10022.0,10019.0,10010.0,10013.0,9999.0,33.0,33.0,10017,10033,buy,Mark 38,buyer,1.0,-8.0,True,early,3-5,0.0,-8.0,-40.0,-2.0,-10.0,-50.0,-3.0,-11.0,-55.0,-6.0,-14.0,-70.0,-15.0,-23.0,-115.0,-12.0,-20.0,-100.0,-26.0,-34.0,-170.0
203200,Mark 14,Mark 38,HYDROGEL_PACK,XIRECS,10014.0,6,1,trades_round_4_day_1.csv,60084.0,1,HYDROGEL_PACK,10014,15,10011.0,30.0,,,10030,15,10032.0,30.0,,,10022.0,0.0,prices_round_4_day_1.csv,10011.0,10032.0,10021.5,16,45.0,45.0,0.0,10011.0,10032.0,10021.5,2032,10019.0,10021.0,10019.0,10018.0,10011.0,10009.0,10000.0,43.0,43.0,10014,10030,sell,Mark 14,buyer,1.0,8.0,False,early,6-10,-3.0,5.0,30.0,-1.0,7.0,42.0,-3.0,5.0,30.0,-4.0,4.0,24.0,-11.0,-3.0,-18.0,-13.0,-5.0,-30.0,-22.0,-14.0,-84.0
210600,Mark 14,Mark 38,HYDROGEL_PACK,XIRECS,9990.0,5,1,trades_round_4_day_1.csv,49950.0,1,HYDROGEL_PACK,9990,10,9988.0,24.0,,,10006,10,10009.0,24.0,,,9998.0,0.0,prices_round_4_day_1.csv,9988.0,10009.0,9998.5,16,34.0,34.0,0.0,9988.0,10009.0,9998.5,2106,10001.0,10001.0,10004.0,10006.0,10002.0,9987.0,10006.0,37.0,37.0,9990,10006,sell,Mark 14,buyer,1.0,8.0,False,early,3-5,3.0,11.0,55.0,3.0,11.0,55.0,6.0,14.0,70.0,8.0,16.0,80.0,4.0,12.0,60.0,-11.0,-3.0,-15.0,8.0,16.0,80.0
211100,Mark 14,Mark 38,HYDROGEL_PACK,XIRECS,9996.0,6,1,trades_round_4_day_1.csv,59976.0,1,HYDROGEL_PACK,9996,10,9993.0,24.0,,,10012,10,10014.0,24.0,,,10004.0,0.0,prices_round_4_day_1.csv,9993.0,10014.0,10003.5,16,34.0,34.0,0.0,9993.0,10014.0,10003.5,2111,10006.0,10007.0,10006.0,10004.0,10002.0,9992.0,10002.0,42.0,42.0,9996,10012,sell,Mark 14,buyer,1.0,8.0,False,early,6-10,2.0,10.0,60.0,3.0,11.0,66.0,2.0,10.0,60.0,0.0,8.0,48.0,-2.0,6.0,36.0,-12.0,-4.0,-24.0,-2.0,6.0,36.0
217500,Mark 38,Mark 14,HYDROGEL_PACK,XIRECS,10011.0,4,1,trades_round_4_day_1.csv,40044.0,1,HYDROGEL_PACK,9995,15,9993.0,28.0,,,10011,15,10014.0,28.0,,,10003.0,0.0,prices_round_4_day_1.csv,9993.0,10014.0,10003.5,16,43.0,43.0,0.0,9993.0,10014.0,10003.5,2175,10005.0,10007.0,10001.0,10009.0,10004.0,10003.0,9981.0,32.0,32.0,9995,10011,buy,Mark 38,buyer,1.0,-8.0,True,early,3-5,2.0,-6.0,-24.0,4.0,-4.0,-16.0,-2.0,-10.0,-40.0,6.0,-2.0,-8.0,1.0,-7.0,-28.0,0.0,-8.0,-32.0,-22.0,-30.0,-120.0
218500,Mark 38,Mark 14,HYDROGEL_PACK,XIRECS,10017.0,5,1,trades_round_4_day_1.csv,50085.0,1,HYDROGEL_PACK,10001,15,9999.0,22.0,,,10017,15,10020.0,22.0,,,10009.0,0.0,prices_round_4_day_1.csv,9999.0,10020.0,10009.5,16,37.0,37.0,0.0,9999.0,10020.0,10009.5,2185,10008.0,10008.0,10005.0,10004.0,10004.0,9990.0,9987.0,40.0,40.0,10001,10017,buy,Mark 38,buyer,1.0,-8.0,True,early,3-5,-1.0,-9.0,-45.0,-1.0,-9.0,-45.0,-4.0,-12.0,-60.0,-5.0,-13.0,-65.0,-5.0,-13.0,-65.0,-19.0,-27.0,-135.0,-22.0,-30.0,-150.0
218900,Mark 38,Mark 14,HYDROGEL_PACK,XIRECS,10014.0,3,1,trades_round_4_day_1.csv,30042.0,1,HYDROGEL_PACK,9998,10,9995.0,27.0,,,10014,10,10016.0,27.0,,,10006.0,0.0,prices_round_4_day_1.csv,9995.0,10016.0,10005.5,16,37.0,37.0,0.0,9995.0,10016.0,10005.5,2189,10005.0,10002.0,10004.0,10000.0,10007.0,9988.0,9987.0,36.0,36.0,9998,10014,buy,Mark 38,buyer,1.0,-8.0,True,early,3-5,-1.0,-9.0,-27.0,-4.0,-12.0,-36.0,-2.0,-10.0,-30.0,-6.0,-14.0,-42.0,1.0,-7.0,-21.0,-18.0,-26.0,-78.0,-19.0,-27.0,-81.0
221200,Mark 38,Mark 14,HYDROGEL_PACK,XIRECS,10011.0,5,1,trades_round_4_day_1.csv,50055.0,1,HYDROGEL_PACK,9995,15,9992.0,29.0,,,10011,15,10013.0,29.0,,,10003.0,0.0,prices_round_4_day_1.csv,9992.0,10013.0,10002.5,16,44.0,44.0,0.0,9992.0,10013.0,10002.5,2212,10006.0,10008.0,10007.0,10002.0,9995.0,9981.0,10009.0,38.0,38.0,9995,10011,buy,Mark 38,buyer,1.0,-8.0,True,early,3-5,3.0,-5.0,-25.0,5.0,-3.0,-15.0,4.0,-4.0,-20.0,-1.0,-9.0,-45.0,-8.0,-16.0,-80.0,-22.0,-30.0,-150.0,6.0,-2.0,-10.0
226100,Mark 14,Mark 38,HYDROGEL_PACK,XIRECS,9974.0,5,1,trades_round_4_day_1.csv,49870.0,1,HYDROGEL_PACK,9974,13,9972.0,24.0,,,9990,13,9993.0,24.0,,,9982.0,0.0,prices_round_4_day_1.csv,9972.0,9993.0,9982.5,16,37.0,37.0,0.0,9972.0,9993.0,9982.5,2261,9981.0,9981.0,9982.0,9983.0,9981.0,10006.0,10009.0,33.0,33.0,9974,9990,sell,Mark 14,buyer,1.0,8.0,False,early,3-5,-1.0,7.0,35.0,-1.0,7.0,35.0,0.0,8.0,40.0,1.0,9.0,45.0,-1.0,7.0,35.0,24.0,32.0,160.0,27.0,35.0,175.0
230000,Mark 38,Mark 14,HYDROGEL_PACK,XIRECS,9998.0,4,1,trades_round_4_day_1.csv,39992.0,1,HYDROGEL_PACK,9982,11,9980.0,22.0,,,9998,11,10001.0,22.0,,,9990.0,0.0,prices_round_4_day_1.csv,9980.0,10001.0,9990.5,16,33.0,33.0,0.0,9980.0,10001.0,9990.5,2300,9987.0,9990.0,9997.0,10002.0,10010.0,10014.0,10011.0,41.0,41.0,9982,9998,buy,Mark 38,buyer,1.0,-8.0,True,early,3-5,-3.0,-11.0,-44.0,0.0,-8.0,-32.0,7.0,-1.0,-4.0,12.0,4.0,16.0,20.0,12.0,48.0,24.0,16.0,64.0,21.0,13.0,52.0
230800,Mark 38,Mark 14,HYDROGEL_PACK,XIRECS,10007.0,3,1,trades_round_4_day_1.csv,30021.0,1,HYDROGEL_PACK,9991,11,9988.0,28.0,,,10007,11,10009.0,28.0,,,9999.0,0.0,prices_round_4_day_1.csv,9988.0,10009.0,9998.5,16,39.0,39.0,0.0,9988.0,10009.0,9998.5,2308,10001.0,10002.0,10010.0,10009.0,10011.0,10007.0,10023.5,39.0,39.0,9991,10007,buy,Mark 38,buyer,1.0,-8.0,True,early,3-5,2.0,-6.0,-18.0,3.0,-5.0,-15.0,11.0,3.0,9.0,10.0,2.0,6.0,12.0,4.0,12.0,8.0,0.0,0.0,24.5,16.5,49.5
235900,Mark 14,Mark 38,HYDROGEL_PACK,XIRECS,9998.0,3,1,trades_round_4_day_1.csv,29994.0,1,HYDROGEL_PACK,9998,10,9995.0,24.0,,,10014,10,10016.0,24.0,,,10006.0,0.0,prices_round_4_day_1.csv,9995.0,10016.0,10005.5,16,34.0,34.0,0.0,9995.0,10016.0,10005.5,2359,10008.0,10009.0,10013.0,10014.0,10019.0,10021.0,10006.0,37.0,37.0,9998,10014,sell,Mark 14,buyer,1.0,8.0,False,early,3-5,2.0,10.0,30.0,3.0,11.0,33.0,7.0,15.0,45.0,8.0,16.0,48.0,13.0,21.0,63.0,15.0,23.0,69.0,0.0,8.0,24.0
238200,Mark 38,Mark 14,HYDROGEL_PACK,XIRECS,10025.0,2,1,trades_round_4_day_1.csv,20050.0,1,HYDROGEL_PACK,10009,13,10006.0,27.0,,,10025,13,10027.0,27.0,,,10017.0,0.0,prices_round_4_day_1.csv,10006.0,10027.0,10016.5,16,40.0,40.0,0.0,10006.0,10027.0,10016.5,2382,10017.0,10015.0,10017.0,10015.0,10015.0,10004.0,10017.0,37.0,37.0,10009,10025,buy,Mark 38,buyer,1.0,-8.0,True,early,1-2,0.0,-8.0,-16.0,-2.0,-10.0,-20.0,0.0,-8.0,-16.0,-2.0,-10.0,-20.0,-2.0,-10.0,-20.0,-13.0,-21.0,-42.0,0.0,-8.0,-16.0
239600,Mark 14,Mark 38,HYDROGEL_PACK,XIRECS,10006.0,4,1,trades_round_4_day_1.csv,40024.0,1,HYDROGEL_PACK,10006,11,10004.0,30.0,,,10022,11,10025.0,30.0,,,10014.0,0.0,prices_round_4_day_1.csv,10004.0,10025.0,10014.5,16,41.0,41.0,0.0,10004.0,10025.0,10014.5,2396,10013.0,10013.0,10010.0,10021.0,10012.0,10011.0,10006.0,40.0,40.0,10006,10022,sell,Mark 14,buyer,1.0,8.0,False,early,3-5,-1.0,7.0,28.0,-1.0,7.0,28.0,-4.0,4.0,16.0,7.0,15.0,60.0,-2.0,6.0,24.0,-3.0,5.0,20.0,-8.0,0.0,0.0
239700,Mark 38,Mark 14,HYDROGEL_PACK,XIRECS,10021.0,6,1,trades_round_4_day_1.csv,60126.0,1,HYDROGEL_PACK,10005,14,10002.0,26.0,,,10021,14,10023.0,26.0,,,10013.0,0.0,prices_round_4_day_1.csv,10002.0,10023.0,10012.5,16,40.0,40.0,0.0,10002.0,10023.0,10012.5,2397,10013.0,10013.0,10015.0,10023.0,10010.0,10012.0,10005.0,37.0,37.0,10005,10021,buy,Mark 38,buyer,1.0,-8.0,True,early,6-10,0.0,-8.0,-48.0,0.0,-8.0,-48.0,2.0,-6.0,-36.0,10.0,2.0,12.0,-3.0,-11.0,-66.0,-1.0,-9.0,-54.0,-8.0,-16.0,-96.0
240600,Mark 14,Mark 38,HYDROGEL_PACK,XIRECS,10013.0,3,1,trades_round_4_day_1.csv,30039.0,1,HYDROGEL_PACK,10013,11,10011.0,30.0,,,10029,11,10032.0,30.0,,,10021.0,0.0,prices_round_4_day_1.csv,10011.0,10032.0,10021.5,16,41.0,41.0,0.0,10011.0,10032.0,10021.5,2406,10023.0,10023.5,10016.0,10012.0,10006.0,10011.0,9998.0,40.0,40.0,10013,10029,sell,Mark 14,buyer,1.0,8.0,False,early,3-5,2.0,10.0,30.0,2.5,10.5,31.5,-5.0,3.0,9.0,-9.0,-1.0,-3.0,-15.0,-7.0,-21.0,-10.0,-2.0,-6.0,-23.0,-15.0,-45.0
241900,Mark 14,Mark 38,HYDROGEL_PACK,XIRECS,10005.0,2,1,trades_round_4_day_1.csv,20010.0,1,HYDROGEL_PACK,10005,13,10003.0,22.0,,,10021,13,10024.0,22.0,,,10013.0,0.0,prices_round_4_day_1.csv,10003.0,10024.0,10013.5,16,35.0,35.0,0.0,10003.0,10024.0,10013.5,2419,10012.0,10011.0,10006.0,10006.0,10005.5,10008.0,9994.0,38.0,38.0,10005,10021,sell,Mark 14,buyer,1.0,8.0,False,early,1-2,-1.0,7.0,14.0,-2.0,6.0,12.0,-7.0,1.0,2.0,-7.0,1.0,2.0,-7.5,0.5,1.0,-5.0,3.0,6.0,-19.0,-11.0,-22.0
248200,Mark 38,Mark 14,HYDROGEL_PACK,XIRECS,10025.0,5,1,trades_round_4_day_1.csv,50125.0,1,HYDROGEL_PACK,10009,10,10007.0,22.0,,,10025,10,10028.0,22.0,,,10017.0,0.0,prices_round_4_day_1.csv,10007.0,10028.0,10017.5,16,32.0,32.0,0.0,10007.0,10028.0,10017.5,2482,10016.0,10016.0,10017.0,10008.0,10001.0,9994.0,9971.0,34.0,34.0,10009,10025,buy,Mark 38,buyer,1.0,-8.0,True,early,3-5,-1.0,-9.0,-45.0,-1.0,-9.0,-45.0,0.0,-8.0,-40.0,-9.0,-17.0,-85.0,-16.0,-24.0,-120.0,-23.0,-31.0,-155.0,-46.0,-54.0,-270.0
252500,Mark 14,Mark 38,HYDROGEL_PACK,XIRECS,9988.0,3,1,trades_round_4_day_1.csv,29964.0,1,HYDROGEL_PACK,9988,10,9986.0,29.0,,,10004,10,10006.0,29.0,,,9996.0,0.0,prices_round_4_day_1.csv,9986.0,10006.0,9996.0,16,39.0,39.0,0.0,9986.0,10006.0,9996.0,2525,9998.0,9996.0,9995.0,9998.0,9992.0,9974.0,9998.0,43.0,43.0,9988,10004,sell,Mark 14,buyer,1.0,8.0,False,early,3-5,2.0,10.0,30.0,0.0,8.0,24.0,-1.0,7.0,21.0,2.0,10.0,30.0,-4.0,4.0,12.0,-22.0,-14.0,-42.0,2.0,10.0,30.0
254700,Mark 38,Mark 14,HYDROGEL_PACK,XIRECS,9997.0,5,1,trades_round_4_day_1.csv,49985.0,1,HYDROGEL_PACK,9988,9,9981.0,13.0,9978.0,26.0,9997,13,9999.0,26.0,,,9992.5,0.0,prices_round_4_day_1.csv,9978.0,9999.0,9988.5,9,48.0,39.0,0.10344827586206896,9978.0,9999.0,9988.5,2547,9989.0,9989.0,9985.0,9979.0,9979.0,9975.0,10001.0,31.0,31.0,9988,9997,buy,Mark 38,buyer,1.0,-4.5,True,early,3-5,-3.5,-8.0,-40.0,-3.5,-8.0,-40.0,-7.5,-12.0,-60.0,-13.5,-18.0,-90.0,-13.5,-18.0,-90.0,-17.5,-22.0,-110.0,8.5,4.0,20.0
255000,Mark 14,Mark 38,HYDROGEL_PACK,XIRECS,9980.0,4,1,trades_round_4_day_1.csv,39920.0,1,HYDROGEL_PACK,9980,13,9977.0,26.0,,,9996,13,9998.0,26.0,,,9988.0,0.0,prices_round_4_day_1.csv,9977.0,9998.0,9987.5,16,39.0,39.0,0.0,9977.0,9998.0,9987.5,2550,9987.5,9985.0,9978.0,9978.0,9979.0,9979.0,10001.0,35.0,35.0,9980,9996,sell,Mark 14,buyer,1.0,8.0,False,early,3-5,-0.5,7.5,30.0,-3.0,5.0,20.0,-10.0,-2.0,-8.0,-10.0,-2.0,-8.0,-9.0,-1.0,-4.0,-9.0,-1.0,-4.0,13.0,21.0,84.0
255300,Mark 14,Mark 38,HYDROGEL_PACK,XIRECS,9973.0,2,1,trades_round_4_day_1.csv,19946.0,1,HYDROGEL_PACK,9973,13,9971.0,20.0,,,9989,13,9991.0,20.0,,,9981.0,0.0,prices_round_4_day_1.csv,9971.0,9991.0,9981.0,16,33.0,33.0,0.0,9971.0,9991.0,9981.0,2553,9981.0,9978.0,9975.0,9978.0,9973.0,9981.0,10002.0,40.0,40.0,9973,9989,sell,Mark 14,buyer,1.0,8.0,False,early,1-2,0.0,8.0,16.0,-3.0,5.0,10.0,-6.0,2.0,4.0,-3.0,5.0,10.0,-8.0,0.0,0.0,0.0,8.0,16.0,21.0,29.0,58.0
255400,Mark 14,Mark 38,HYDROGEL_PACK,XIRECS,9973.0,3,1,trades_round_4_day_1.csv,29919.0,1,HYDROGEL_PACK,9973,14,9970.0,26.0,,,9989,14,9991.0,26.0,,,9981.0,0.0,prices_round_4_day_1.csv,9970.0,9991.0,9980.5,16,40.0,40.0,0.0,9970.0,9991.0,9980.5,2554,9978.0,9977.0,9978.0,9978.0,9973.0,9984.0,10000.0,36.0,36.0,9973,9989,sell,Mark 14,buyer,1.0,8.0,False,early,3-5,-3.0,5.0,15.0,-4.0,4.0,12.0,-3.0,5.0,15.0,-3.0,5.0,15.0,-8.0,0.0,0.0,3.0,11.0,33.0,19.0,27.0,81.0
262300,Mark 38,Mark 14,HYDROGEL_PACK,XIRECS,10005.0,4,1,trades_round_4_day_1.csv,40020.0,1,HYDROGEL_PACK,9989,14,9986.0,26.0,,,10005,14,10007.0,26.0,,,9997.0,0.0,prices_round_4_day_1.csv,9986.0,10007.0,9996.5,16,40.0,40.0,0.0,9986.0,10007.0,9996.5,2623,9995.0,9998.0,10000.0,10003.0,10002.0,9995.0,9975.0,33.0,33.0,9989,10005,buy,Mark 38,buyer,1.0,-8.0,True,early,3-5,-2.0,-10.0,-40.0,1.0,-7.0,-28.0,3.0,-5.0,-20.0,6.0,-2.0,-8.0,5.0,-3.0,-12.0,-2.0,-10.0,-40.0,-22.0,-30.0,-120.0
262800,Mark 38,Mark 14,HYDROGEL_PACK,XIRECS,10008.0,2,1,trades_round_4_day_1.csv,20016.0,1,HYDROGEL_PACK,9992,11,9989.0,29.0,,,10008,11,10010.0,29.0,,,10000.0,0.0,prices_round_4_day_1.csv,9989.0,10010.0,9999.5,16,40.0,40.0,0.0,9989.0,10010.0,9999.5,2628,10004.0,10005.0,10003.0,10002.0,10000.0,9992.0,9975.0,34.0,34.0,9992,10008,buy,Mark 38,buyer,1.0,-8.0,True,early,1-2,4.0,-4.0,-8.0,5.0,-3.0,-6.0,3.0,-5.0,-10.0,2.0,-6.0,-12.0,0.0,-8.0,-16.0,-8.0,-16.0,-32.0,-25.0,-33.0,-66.0
266300,Mark 38,Mark 14,HYDROGEL_PACK,XIRECS,9999.0,4,1,trades_round_4_day_1.csv,39996.0,1,HYDROGEL_PACK,9983,13,9981.0,27.0,,,9999,13,10002.0,27.0,,,9991.0,0.0,prices_round_4_day_1.csv,9981.0,10002.0,9991.5,16,40.0,40.0,0.0,9981.0,10002.0,9991.5,2663,9994.0,9989.0,9992.0,9995.0,9992.0,9980.0,9985.0,39.0,39.0,9983,9999,buy,Mark 38,buyer,1.0,-8.0,True,early,3-5,3.0,-5.0,-20.0,-2.0,-10.0,-40.0,1.0,-7.0,-28.0,4.0,-4.0,-16.0,1.0,-7.0,-28.0,-11.0,-19.0,-76.0,-6.0,-14.0,-56.0
266600,Mark 38,Mark 14,HYDROGEL_PACK,XIRECS,9997.0,4,1,trades_round_4_day_1.csv,39988.0,1,HYDROGEL_PACK,9981,11,9978.0,25.0,,,9997,11,9999.0,25.0,,,9989.0,0.0,prices_round_4_day_1.csv,9978.0,9999.0,9988.5,16,36.0,36.0,0.0,9978.0,9999.0,9988.5,2666,9991.0,9992.0,9990.0,9995.0,9989.0,9979.0,9983.0,38.0,38.0,9981,9997,buy,Mark 38,buyer,1.0,-8.0,True,early,3-5,2.0,-6.0,-24.0,3.0,-5.0,-20.0,1.0,-7.0,-28.0,6.0,-2.0,-8.0,0.0,-8.0,-32.0,-10.0,-18.0,-72.0,-6.0,-14.0,-56.0
269300,Mark 14,Mark 38,HYDROGEL_PACK,XIRECS,9973.0,3,1,trades_round_4_day_1.csv,29919.0,1,HYDROGEL_PACK,9973,11,9970.0,30.0,,,9989,11,9991.0,30.0,,,9981.0,0.0,prices_round_4_day_1.csv,9970.0,9991.0,9980.5,16,41.0,41.0,0.0,9970.0,9991.0,9980.5,2693,9983.0,9979.0,9982.0,9982.0,9980.0,9981.0,9975.0,48.0,39.0,9973,9989,sell,Mark 14,buyer,1.0,8.0,False,early,3-5,2.0,10.0,30.0,-2.0,6.0,18.0,1.0,9.0,27.0,1.0,9.0,27.0,-1.0,7.0,21.0,0.0,8.0,24.0,-6.0,2.0,6.0
274600,Mark 38,Mark 14,HYDROGEL_PACK,XIRECS,9989.0,2,1,trades_round_4_day_1.csv,19978.0,1,HYDROGEL_PACK,9974,11,9971.0,26.0,,,9989,11,9992.0,26.0,,,9981.5,0.0,prices_round_4_day_1.csv,9971.0,9992.0,9981.5,15,37.0,37.0,0.0,9971.0,9992.0,9981.5,2746,9981.0,9981.0,9984.5,9988.0,9983.0,9977.0,9972.0,36.0,36.0,9974,9989,buy,Mark 38,buyer,1.0,-7.5,True,early,1-2,-0.5,-8.0,-16.0,-0.5,-8.0,-16.0,3.0,-4.5,-9.0,6.5,-1.0,-2.0,1.5,-6.0,-12.0,-4.5,-12.0,-24.0,-9.5,-17.0,-34.0
275700,Mark 38,Mark 14,HYDROGEL_PACK,XIRECS,9996.0,2,1,trades_round_4_day_1.csv,19992.0,1,HYDROGEL_PACK,9980,12,9977.0,21.0,,,9996,12,9998.0,21.0,,,9988.0,0.0,prices_round_4_day_1.csv,9977.0,9998.0,9987.5,16,33.0,33.0,0.0,9977.0,9998.0,9987.5,2757,9986.0,9985.0,9984.0,9981.0,9979.0,9964.0,9974.0,35.0,35.0,9980,9996,buy,Mark 38,buyer,1.0,-8.0,True,early,1-2,-2.0,-10.0,-20.0,-3.0,-11.0,-22.0,-4.0,-12.0,-24.0,-7.0,-15.0,-30.0,-9.0,-17.0,-34.0,-24.0,-32.0,-64.0,-14.0,-22.0,-44.0
280500,Mark 38,Mark 14,HYDROGEL_PACK,XIRECS,9973.0,2,1,trades_round_4_day_1.csv,19946.0,1,HYDROGEL_PACK,9957,11,9954.0,23.0,,,9973,11,9975.0,23.0,,,9965.0,0.0,prices_round_4_day_1.csv,9954.0,9975.0,9964.5,16,34.0,34.0,0.0,9954.0,9975.0,9964.5,2805,9962.0,9964.0,9960.0,9964.0,9971.0,9972.0,9952.0,39.0,39.0,9957,9973,buy,Mark 38,buyer,1.0,-8.0,True,early,1-2,-3.0,-11.0,-22.0,-1.0,-9.0,-18.0,-5.0,-13.0,-26.0,-1.0,-9.0,-18.0,6.0,-2.0,-4.0,7.0,-1.0,-2.0,-13.0,-21.0,-42.0
281100,Mark 14,Mark 38,HYDROGEL_PACK,XIRECS,9952.0,3,1,trades_round_4_day_1.csv,29856.0,1,HYDROGEL_PACK,9952,11,9950.0,30.0,,,9968,11,9971.0,30.0,,,9960.0,0.0,prices_round_4_day_1.csv,9950.0,9971.0,9960.5,16,41.0,41.0,0.0,9950.0,9971.0,9960.5,2811,9958.5,9962.0,9964.0,9971.0,9971.0,9972.0,9958.0,42.0,42.0,9952,9968,sell,Mark 14,buyer,1.0,8.0,False,early,3-5,-1.5,6.5,19.5,2.0,10.0,30.0,4.0,12.0,36.0,11.0,19.0,57.0,11.0,19.0,57.0,12.0,20.0,60.0,-2.0,6.0,18.0
282200,Mark 38,Mark 14,HYDROGEL_PACK,XIRECS,9979.0,2,1,trades_round_4_day_1.csv,19958.0,1,HYDROGEL_PACK,9963,11,9960.0,24.0,,,9979,11,9981.0,24.0,,,9971.0,0.0,prices_round_4_day_1.csv,9960.0,9981.0,9970.5,16,35.0,35.0,0.0,9960.0,9981.0,9970.5,2822,9973.0,9972.0,9969.0,9973.0,9976.0,9963.0,9954.0,38.0,38.0,9963,9979,buy,Mark 38,buyer,1.0,-8.0,True,early,1-2,2.0,-6.0,-12.0,1.0,-7.0,-14.0,-2.0,-10.0,-20.0,2.0,-6.0,-12.0,5.0,-3.0,-6.0,-8.0,-16.0,-32.0,-17.0,-25.0,-50.0
285400,Mark 14,Mark 38,HYDROGEL_PACK,XIRECS,9965.0,5,1,trades_round_4_day_1.csv,49825.0,1,HYDROGEL_PACK,9965,14,9963.0,26.0,,,9981,14,9984.0,26.0,,,9973.0,0.0,prices_round_4_day_1.csv,9963.0,9984.0,9973.5,16,40.0,40.0,0.0,9963.0,9984.0,9973.5,2854,9972.0,9974.0,9978.0,9968.0,9966.0,9951.0,9952.0,33.0,33.0,9965,9981,sell,Mark 14,buyer,1.0,8.0,False,early,3-5,-1.0,7.0,35.0,1.0,9.0,45.0,5.0,13.0,65.0,-5.0,3.0,15.0,-7.0,1.0,5.0,-22.0,-14.0,-70.0,-21.0,-13.0,-65.0
290900,Mark 38,Mark 14,HYDROGEL_PACK,XIRECS,9965.0,3,1,trades_round_4_day_1.csv,29895.0,1,HYDROGEL_PACK,9949,13,9946.0,22.0,,,9965,13,9967.0,22.0,,,9957.0,0.0,prices_round_4_day_1.csv,9946.0,9967.0,9956.5,16,35.0,35.0,0.0,9946.0,9967.0,9956.5,2909,9956.0,9958.0,9954.0,9951.0,9960.0,9952.5,9953.0,43.0,43.0,9949,9965,buy,Mark 38,buyer,1.0,-8.0,True,early,3-5,-1.0,-9.0,-27.0,1.0,-7.0,-21.0,-3.0,-11.0,-33.0,-6.0,-14.0,-42.0,3.0,-5.0,-15.0,-4.5,-12.5,-37.5,-4.0,-12.0,-36.0
292800,Mark 14,Mark 38,HYDROGEL_PACK,XIRECS,9951.0,6,1,trades_round_4_day_1.csv,59706.0,1,HYDROGEL_PACK,9951,13,9949.0,28.0,,,9967,13,9969.0,28.0,,,9959.0,0.0,prices_round_4_day_1.csv,9949.0,9969.0,9959.0,16,41.0,41.0,0.0,9949.0,9969.0,9959.0,2928,9960.0,9962.0,9961.0,9956.0,9951.0,9946.0,9947.0,32.0,32.0,9951,9967,sell,Mark 14,buyer,1.0,8.0,False,early,6-10,1.0,9.0,54.0,3.0,11.0,66.0,2.0,10.0,60.0,-3.0,5.0,30.0,-8.0,0.0,0.0,-13.0,-5.0,-30.0,-12.0,-4.0,-24.0
295000,Mark 38,Mark 14,HYDROGEL_PACK,XIRECS,9959.0,5,1,trades_round_4_day_1.csv,49795.0,1,HYDROGEL_PACK,9943,11,9940.0,27.0,,,9959,11,9961.0,27.0,,,9951.0,0.0,prices_round_4_day_1.csv,9940.0,9961.0,9950.5,16,38.0,38.0,0.0,9940.0,9961.0,9950.5,2950,9950.0,9950.5,9953.0,9951.0,9950.0,9960.0,9959.0,45.0,45.0,9943,9959,buy,Mark 38,buyer,1.0,-8.0,True,early,3-5,-1.0,-9.0,-45.0,-0.5,-8.5,-42.5,2.0,-6.0,-30.0,0.0,-8.0,-40.0,-1.0,-9.0,-45.0,9.0,1.0,5.0,8.0,0.0,0.0
297100,Mark 38,Mark 14,HYDROGEL_PACK,XIRECS,9958.0,3,1,trades_round_4_day_1.csv,29874.0,1,HYDROGEL_PACK,9942,14,9940.0,30.0,,,9958,14,9960.0,30.0,,,9950.0,0.0,prices_round_4_day_1.csv,9940.0,9960.0,9950.0,16,44.0,44.0,0.0,9940.0,9960.0,9950.0,2971,9949.0,9949.5,9949.0,9946.0,9953.0,9947.0,9960.0,41.0,41.0,9942,9958,buy,Mark 38,buyer,1.0,-8.0,True,early,3-5,-1.0,-9.0,-27.0,-0.5,-8.5,-25.5,-1.0,-9.0,-27.0,-4.0,-12.0,-36.0,3.0,-5.0,-15.0,-3.0,-11.0,-33.0,10.0,2.0,6.0
301100,Mark 38,Mark 14,HYDROGEL_PACK,XIRECS,9966.0,3,1,trades_round_4_day_1.csv,29898.0,1,HYDROGEL_PACK,9950,13,9947.0,29.0,,,9966,13,9968.0,29.0,,,9958.0,0.0,prices_round_4_day_1.csv,9947.0,9968.0,9957.5,16,42.0,42.0,0.0,9947.0,9968.0,9957.5,3011,9959.0,9959.0,9953.5,9947.0,9946.0,9955.0,9929.0,41.0,41.0,9950,9966,buy,Mark 38,buyer,1.0,-8.0,True,early,3-5,1.0,-7.0,-21.0,1.0,-7.0,-21.0,-4.5,-12.5,-37.5,-11.0,-19.0,-57.0,-12.0,-20.0,-60.0,-3.0,-11.0,-33.0,-29.0,-37.0,-111.0
301300,Mark 38,Mark 14,HYDROGEL_PACK,XIRECS,9967.0,2,1,trades_round_4_day_1.csv,19934.0,1,HYDROGEL_PACK,9951,13,9948.0,27.0,,,9967,13,9969.0,27.0,,,9959.0,0.0,prices_round_4_day_1.csv,9948.0,9969.0,9958.5,16,40.0,40.0,0.0,9948.0,9969.0,9958.5,3013,9956.0,9954.0,9948.0,9947.0,9946.0,9958.0,9931.5,42.0,42.0,9951,9967,buy,Mark 38,buyer,1.0,-8.0,True,early,1-2,-3.0,-11.0,-22.0,-5.0,-13.0,-26.0,-11.0,-19.0,-38.0,-12.0,-20.0,-40.0,-13.0,-21.0,-42.0,-1.0,-9.0,-18.0,-27.5,-35.5,-71.0
302400,Mark 14,Mark 38,HYDROGEL_PACK,XIRECS,9936.0,6,1,trades_round_4_day_1.csv,59616.0,1,HYDROGEL_PACK,9936,13,9934.0,24.0,,,9952,13,9955.0,24.0,,,9944.0,0.0,prices_round_4_day_1.csv,9934.0,9955.0,9944.5,16,37.0,37.0,0.0,9934.0,9955.0,9944.5,3024,9945.0,9945.0,9944.0,9947.5,9953.0,9956.0,9930.0,40.0,40.0,9936,9952,sell,Mark 14,buyer,1.0,8.0,False,early,6-10,1.0,9.0,54.0,1.0,9.0,54.0,0.0,8.0,48.0,3.5,11.5,69.0,9.0,17.0,102.0,12.0,20.0,120.0,-14.0,-6.0,-36.0
304200,Mark 14,Mark 38,HYDROGEL_PACK,XIRECS,9944.0,2,1,trades_round_4_day_1.csv,19888.0,1,HYDROGEL_PACK,9944,10,9941.0,26.0,,,9960,10,9962.0,26.0,,,9952.0,0.0,prices_round_4_day_1.csv,9941.0,9962.0,9951.5,16,36.0,36.0,0.0,9941.0,9962.0,9951.5,3042,9952.0,9953.0,9959.0,9959.0,9957.0,9948.0,9935.0,39.0,39.0,9944,9960,sell,Mark 14,buyer,1.0,8.0,False,early,1-2,0.0,8.0,16.0,1.0,9.0,18.0,7.0,15.0,30.0,7.0,15.0,30.0,5.0,13.0,26.0,-4.0,4.0,8.0,-17.0,-9.0,-18.0
306500,Mark 38,Mark 14,HYDROGEL_PACK,XIRECS,9967.0,5,1,trades_round_4_day_1.csv,49835.0,1,HYDROGEL_PACK,9951,11,9948.0,26.0,,,9967,11,9969.0,26.0,,,9959.0,0.0,prices_round_4_day_1.csv,9948.0,9969.0,9958.5,16,37.0,37.0,0.0,9948.0,9969.0,9958.5,3065,9961.0,9959.5,9961.0,9953.0,9951.0,9930.0,9932.0,32.0,32.0,9951,9967,buy,Mark 38,buyer,1.0,-8.0,True,early,3-5,2.0,-6.0,-30.0,0.5,-7.5,-37.5,2.0,-6.0,-30.0,-6.0,-14.0,-70.0,-8.0,-16.0,-80.0,-29.0,-37.0,-185.0,-27.0,-35.0,-175.0
308000,Mark 14,Mark 38,HYDROGEL_PACK,XIRECS,9943.0,3,1,trades_round_4_day_1.csv,29829.0,1,HYDROGEL_PACK,9943,12,9941.0,30.0,,,9959,12,9962.0,30.0,,,9951.0,0.0,prices_round_4_day_1.csv,9941.0,9962.0,9951.5,16,42.0,42.0,0.0,9941.0,9962.0,9951.5,3080,9953.0,9955.0,9951.0,9948.0,9936.0,9926.0,9940.0,32.0,32.0,9943,9959,sell,Mark 14,buyer,1.0,8.0,False,early,3-5,2.0,10.0,30.0,4.0,12.0,36.0,0.0,8.0,24.0,-3.0,5.0,15.0,-15.0,-7.0,-21.0,-25.0,-17.0,-51.0,-11.0,-3.0,-9.0
308100,Mark 14,Mark 38,HYDROGEL_PACK,XIRECS,9945.0,4,1,trades_round_4_day_1.csv,39780.0,1,HYDROGEL_PACK,9945,11,9942.0,21.0,,,9961,11,9963.0,21.0,,,9953.0,0.0,prices_round_4_day_1.csv,9942.0,9963.0,9952.5,16,32.0,32.0,0.0,9942.0,9963.0,9952.5,3081,9955.0,9953.0,9952.0,9946.0,9935.0,9928.0,9941.0,35.0,35.0,9945,9961,sell,Mark 14,buyer,1.0,8.0,False,early,3-5,2.0,10.0,40.0,0.0,8.0,32.0,-1.0,7.0,28.0,-7.0,1.0,4.0,-18.0,-10.0,-40.0,-25.0,-17.0,-68.0,-12.0,-4.0,-16.0
316200,Mark 38,Mark 14,HYDROGEL_PACK,XIRECS,9939.0,5,1,trades_round_4_day_1.csv,49695.0,1,HYDROGEL_PACK,9923,14,9920.0,28.0,,,9939,14,9941.0,28.0,,,9931.0,0.0,prices_round_4_day_1.csv,9920.0,9941.0,9930.5,16,42.0,42.0,0.0,9920.0,9941.0,9930.5,3162,9928.0,9930.0,9930.0,9939.0,9940.0,9943.0,9946.0,39.0,39.0,9923,9939,buy,Mark 38,buyer,1.0,-8.0,True,early,3-5,-3.0,-11.0,-55.0,-1.0,-9.0,-45.0,-1.0,-9.0,-45.0,8.0,0.0,0.0,9.0,1.0,5.0,12.0,4.0,20.0,15.0,7.0,35.0
317100,Mark 14,Mark 38,HYDROGEL_PACK,XIRECS,9929.0,4,1,trades_round_4_day_1.csv,39716.0,1,HYDROGEL_PACK,9929,14,9926.0,21.0,,,9945,14,9947.0,21.0,,,9937.0,0.0,prices_round_4_day_1.csv,9926.0,9947.0,9936.5,16,35.0,35.0,0.0,9926.0,9947.0,9936.5,3171,9939.0,9940.0,9943.0,9941.0,9942.0,9953.0,9941.0,36.0,36.0,9929,9945,sell,Mark 14,buyer,1.0,8.0,False,early,3-5,2.0,10.0,40.0,3.0,11.0,44.0,6.0,14.0,56.0,4.0,12.0,48.0,5.0,13.0,52.0,16.0,24.0,96.0,4.0,12.0,48.0
318300,Mark 38,Mark 14,HYDROGEL_PACK,XIRECS,9950.0,4,1,trades_round_4_day_1.csv,39800.0,1,HYDROGEL_PACK,9934,10,9932.0,20.0,,,9950,10,9953.0,20.0,,,9942.0,0.0,prices_round_4_day_1.csv,9932.0,9953.0,9942.5,16,30.0,30.0,0.0,9932.0,9953.0,9942.5,3183,9937.0,9941.0,9939.0,9945.0,9948.0,9948.0,9944.5,45.0,51.0,9934,9950,buy,Mark 38,buyer,1.0,-8.0,True,early,3-5,-5.0,-13.0,-52.0,-1.0,-9.0,-36.0,-3.0,-11.0,-44.0,3.0,-5.0,-20.0,6.0,-2.0,-8.0,6.0,-2.0,-8.0,2.5,-5.5,-22.0
323300,Mark 38,Mark 14,HYDROGEL_PACK,XIRECS,9956.0,5,1,trades_round_4_day_1.csv,49780.0,1,HYDROGEL_PACK,9940,12,9938.0,26.0,,,9956,12,9959.0,26.0,,,9948.0,0.0,prices_round_4_day_1.csv,9938.0,9959.0,9948.5,16,38.0,38.0,0.0,9938.0,9959.0,9948.5,3233,9947.0,9946.0,9941.0,9938.0,9941.5,9944.5,9949.0,33.0,33.0,9940,9956,buy,Mark 38,buyer,1.0,-8.0,True,early,3-5,-1.0,-9.0,-45.0,-2.0,-10.0,-50.0,-7.0,-15.0,-75.0,-10.0,-18.0,-90.0,-6.5,-14.5,-72.5,-3.5,-11.5,-57.5,1.0,-7.0,-35.0
324600,Mark 38,Mark 14,HYDROGEL_PACK,XIRECS,9946.0,6,1,trades_round_4_day_1.csv,59676.0,1,HYDROGEL_PACK,9930,12,9928.0,23.0,,,9946,12,9949.0,23.0,,,9938.0,0.0,prices_round_4_day_1.csv,9928.0,9949.0,9938.5,16,35.0,35.0,0.0,9928.0,9949.0,9938.5,3246,9940.0,9941.0,9944.0,9940.0,9944.0,9944.0,9959.0,30.0,30.0,9930,9946,buy,Mark 38,buyer,1.0,-8.0,True,early,6-10,2.0,-6.0,-36.0,3.0,-5.0,-30.0,6.0,-2.0,-12.0,2.0,-6.0,-36.0,6.0,-2.0,-12.0,6.0,-2.0,-12.0,21.0,13.0,78.0
327600,Mark 14,Mark 38,HYDROGEL_PACK,XIRECS,9928.0,5,1,trades_round_4_day_1.csv,49640.0,1,HYDROGEL_PACK,9928,13,9926.0,28.0,,,9944,13,9947.0,28.0,,,9936.0,0.0,prices_round_4_day_1.csv,9926.0,9947.0,9936.5,16,41.0,41.0,0.0,9926.0,9947.0,9936.5,3276,9938.0,9935.0,9940.0,9946.0,9944.0,9953.0,9944.0,36.0,36.0,9928,9944,sell,Mark 14,buyer,1.0,8.0,False,early,3-5,2.0,10.0,50.0,-1.0,7.0,35.0,4.0,12.0,60.0,10.0,18.0,90.0,8.0,16.0,80.0,17.0,25.0,125.0,8.0,16.0,80.0
327700,Mark 38,Mark 14,HYDROGEL_PACK,XIRECS,9946.0,6,1,trades_round_4_day_1.csv,59676.0,1,HYDROGEL_PACK,9930,13,9927.0,23.0,,,9946,13,9948.0,23.0,,,9938.0,0.0,prices_round_4_day_1.csv,9927.0,9948.0,9937.5,16,36.0,36.0,0.0,9927.0,9948.0,9937.5,3277,9935.0,9936.0,9943.0,9945.0,9946.0,9950.0,9941.0,43.0,43.0,9930,9946,buy,Mark 38,buyer,1.0,-8.0,True,early,6-10,-3.0,-11.0,-66.0,-2.0,-10.0,-60.0,5.0,-3.0,-18.0,7.0,-1.0,-6.0,8.0,0.0,0.0,12.0,4.0,24.0,3.0,-5.0,-30.0
335300,Mark 14,Mark 38,HYDROGEL_PACK,XIRECS,9943.0,5,1,trades_round_4_day_1.csv,49715.0,1,HYDROGEL_PACK,9943,14,9941.0,21.0,,,9959,14,9962.0,21.0,,,9951.0,0.0,prices_round_4_day_1.csv,9941.0,9962.0,9951.5,16,35.0,35.0,0.0,9941.0,9962.0,9951.5,3353,9950.0,9953.0,9946.0,9946.0,9945.0,9942.0,9954.0,34.0,34.0,9943,9959,sell,Mark 14,buyer,1.0,8.0,False,middle,3-5,-1.0,7.0,35.0,2.0,10.0,50.0,-5.0,3.0,15.0,-5.0,3.0,15.0,-6.0,2.0,10.0,-9.0,-1.0,-5.0,3.0,11.0,55.0
335500,Mark 38,Mark 14,HYDROGEL_PACK,XIRECS,9961.0,4,1,trades_round_4_day_1.csv,39844.0,1,HYDROGEL_PACK,9945,14,9942.0,23.0,,,9961,14,9963.0,23.0,,,9953.0,0.0,prices_round_4_day_1.csv,9942.0,9963.0,9952.5,16,37.0,37.0,0.0,9942.0,9963.0,9952.5,3355,9949.0,9946.0,9946.0,9948.0,9944.0,9945.0,9951.0,41.0,41.0,9945,9961,buy,Mark 38,buyer,1.0,-8.0,True,middle,3-5,-4.0,-12.0,-48.0,-7.0,-15.0,-60.0,-7.0,-15.0,-60.0,-5.0,-13.0,-52.0,-9.0,-17.0,-68.0,-8.0,-16.0,-64.0,-2.0,-10.0,-40.0
338100,Mark 14,Mark 38,HYDROGEL_PACK,XIRECS,9931.0,3,1,trades_round_4_day_1.csv,29793.0,1,HYDROGEL_PACK,9931,15,9929.0,24.0,,,9947,15,9950.0,24.0,,,9939.0,0.0,prices_round_4_day_1.csv,9929.0,9950.0,9939.5,16,39.0,39.0,0.0,9929.0,9950.0,9939.5,3381,9939.0,9939.0,9936.0,9942.5,9943.0,9958.0,9968.0,41.0,41.0,9931,9947,sell,Mark 14,buyer,1.0,8.0,False,middle,3-5,0.0,8.0,24.0,0.0,8.0,24.0,-3.0,5.0,15.0,3.5,11.5,34.5,4.0,12.0,36.0,19.0,27.0,81.0,29.0,37.0,111.0
339500,Mark 14,Mark 38,HYDROGEL_PACK,XIRECS,9932.0,3,1,trades_round_4_day_1.csv,29796.0,1,HYDROGEL_PACK,9932,11,9930.0,22.0,,,9948,11,9951.0,22.0,,,9940.0,0.0,prices_round_4_day_1.csv,9930.0,9951.0,9940.5,16,33.0,33.0,0.0,9930.0,9951.0,9940.5,3395,9942.5,9943.0,9941.0,9945.0,9947.0,9962.0,9969.0,38.0,38.0,9932,9948,sell,Mark 14,buyer,1.0,8.0,False,middle,3-5,2.5,10.5,31.5,3.0,11.0,33.0,1.0,9.0,27.0,5.0,13.0,39.0,7.0,15.0,45.0,22.0,30.0,90.0,29.0,37.0,111.0
342400,Mark 14,Mark 38,HYDROGEL_PACK,XIRECS,9944.0,5,1,trades_round_4_day_1.csv,49720.0,1,HYDROGEL_PACK,9944,11,9942.0,24.0,,,9960,11,9963.0,24.0,,,9952.0,0.0,prices_round_4_day_1.csv,9942.0,9963.0,9952.5,16,35.0,35.0,0.0,9942.0,9963.0,9952.5,3424,9956.0,9957.0,9961.0,9958.0,9963.0,9965.0,9959.5,45.0,45.0,9944,9960,sell,Mark 14,buyer,1.0,8.0,False,middle,3-5,4.0,12.0,60.0,5.0,13.0,65.0,9.0,17.0,85.0,6.0,14.0,70.0,11.0,19.0,95.0,13.0,21.0,105.0,7.5,15.5,77.5
343100,Mark 38,Mark 14,HYDROGEL_PACK,XIRECS,9966.0,2,1,trades_round_4_day_1.csv,19932.0,1,HYDROGEL_PACK,9950,15,9948.0,28.0,,,9966,15,9969.0,28.0,,,9958.0,0.0,prices_round_4_day_1.csv,9948.0,9969.0,9958.5,16,43.0,43.0,0.0,9948.0,9969.0,9958.5,3431,9957.5,9957.0,9958.0,9961.0,9956.0,9968.0,9960.0,36.0,36.0,9950,9966,buy,Mark 38,buyer,1.0,-8.0,True,middle,1-2,-0.5,-8.5,-17.0,-1.0,-9.0,-18.0,0.0,-8.0,-16.0,3.0,-5.0,-10.0,-2.0,-10.0,-20.0,10.0,2.0,4.0,2.0,-6.0,-12.0
344000,Mark 14,Mark 38,HYDROGEL_PACK,XIRECS,9953.0,5,1,trades_round_4_day_1.csv,49765.0,1,HYDROGEL_PACK,9953,14,9951.0,20.0,,,9969,14,9972.0,20.0,,,9961.0,0.0,prices_round_4_day_1.csv,9951.0,9972.0,9961.5,16,34.0,34.0,0.0,9951.0,9972.0,9961.5,3440,9961.0,9963.0,9962.0,9955.5,9948.0,9973.0,9953.0,43.0,43.0,9953,9969,sell,Mark 14,buyer,1.0,8.0,False,middle,3-5,0.0,8.0,40.0,2.0,10.0,50.0,1.0,9.0,45.0,-5.5,2.5,12.5,-13.0,-5.0,-25.0,12.0,20.0,100.0,-8.0,0.0,0.0
345700,Mark 38,Mark 14,HYDROGEL_PACK,XIRECS,9957.0,6,1,trades_round_4_day_1.csv,59742.0,1,HYDROGEL_PACK,9941,10,9939.0,26.0,,,9957,10,9960.0,26.0,,,9949.0,0.0,prices_round_4_day_1.csv,9939.0,9960.0,9949.5,16,36.0,36.0,0.0,9939.0,9960.0,9949.5,3457,9949.0,9950.0,9950.0,9964.0,9969.0,9964.0,9954.0,41.0,41.0,9941,9957,buy,Mark 38,buyer,1.0,-8.0,True,middle,6-10,0.0,-8.0,-48.0,1.0,-7.0,-42.0,1.0,-7.0,-42.0,15.0,7.0,42.0,20.0,12.0,72.0,15.0,7.0,42.0,5.0,-3.0,-18.0
345900,Mark 38,Mark 14,HYDROGEL_PACK,XIRECS,9958.0,3,1,trades_round_4_day_1.csv,29874.0,1,HYDROGEL_PACK,9942,10,9939.0,21.0,,,9958,10,9960.0,21.0,,,9950.0,0.0,prices_round_4_day_1.csv,9939.0,9960.0,9949.5,16,31.0,31.0,0.0,9939.0,9960.0,9949.5,3459,9948.0,9948.5,9957.0,9964.0,9965.5,9967.0,9954.0,35.0,35.0,9942,9958,buy,Mark 38,buyer,1.0,-8.0,True,middle,3-5,-2.0,-10.0,-30.0,-1.5,-9.5,-28.5,7.0,-1.0,-3.0,14.0,6.0,18.0,15.5,7.5,22.5,17.0,9.0,27.0,4.0,-4.0,-12.0
348500,Mark 14,Mark 38,HYDROGEL_PACK,XIRECS,9964.0,5,1,trades_round_4_day_1.csv,49820.0,1,HYDROGEL_PACK,9964,14,9961.0,26.0,,,9980,14,9982.0,26.0,,,9972.0,0.0,prices_round_4_day_1.csv,9961.0,9982.0,9971.5,16,40.0,40.0,0.0,9961.0,9982.0,9971.5,3485,9974.0,9975.0,9973.0,9969.0,9964.0,9954.0,9952.0,43.0,43.0,9964,9980,sell,Mark 14,buyer,1.0,8.0,False,middle,3-5,2.0,10.0,50.0,3.0,11.0,55.0,1.0,9.0,45.0,-3.0,5.0,25.0,-8.0,0.0,0.0,-18.0,-10.0,-50.0,-20.0,-12.0,-60.0
351000,Mark 38,Mark 14,HYDROGEL_PACK,XIRECS,9973.0,3,1,trades_round_4_day_1.csv,29919.0,1,HYDROGEL_PACK,9957,11,9954.0,28.0,,,9973,11,9975.0,28.0,,,9965.0,0.0,prices_round_4_day_1.csv,9954.0,9975.0,9964.5,16,39.0,39.0,0.0,9954.0,9975.0,9964.5,3510,9964.0,9960.0,9962.0,9962.0,9959.0,9953.5,9957.0,43.0,43.0,9957,9973,buy,Mark 38,buyer,1.0,-8.0,True,middle,3-5,-1.0,-9.0,-27.0,-5.0,-13.0,-39.0,-3.0,-11.0,-33.0,-3.0,-11.0,-33.0,-6.0,-14.0,-42.0,-11.5,-19.5,-58.5,-8.0,-16.0,-48.0
357100,Mark 38,Mark 14,HYDROGEL_PACK,XIRECS,9963.0,6,1,trades_round_4_day_1.csv,59778.0,1,HYDROGEL_PACK,9947,10,9945.0,20.0,,,9963,10,9966.0,20.0,,,9955.0,0.0,prices_round_4_day_1.csv,9945.0,9966.0,9955.5,16,30.0,30.0,0.0,9945.0,9966.0,9955.5,3571,9955.0,9956.0,9956.0,9955.0,9952.0,9963.0,9960.0,39.0,39.0,9947,9963,buy,Mark 38,buyer,1.0,-8.0,True,middle,6-10,0.0,-8.0,-48.0,1.0,-7.0,-42.0,1.0,-7.0,-42.0,0.0,-8.0,-48.0,-3.0,-11.0,-66.0,8.0,0.0,0.0,5.0,-3.0,-18.0
358500,Mark 38,Mark 14,HYDROGEL_PACK,XIRECS,9960.0,6,1,trades_round_4_day_1.csv,59760.0,1,HYDROGEL_PACK,9944,11,9942.0,25.0,,,9960,11,9963.0,25.0,,,9952.0,0.0,prices_round_4_day_1.csv,9942.0,9963.0,9952.5,16,36.0,36.0,0.0,9942.0,9963.0,9952.5,3585,9954.0,9955.0,9951.0,9950.0,9958.0,9971.0,9975.0,37.0,37.0,9944,9960,buy,Mark 38,buyer,1.0,-8.0,True,middle,6-10,2.0,-6.0,-36.0,3.0,-5.0,-30.0,-1.0,-9.0,-54.0,-2.0,-10.0,-60.0,6.0,-2.0,-12.0,19.0,11.0,66.0,23.0,15.0,90.0
360600,Mark 14,Mark 38,HYDROGEL_PACK,XIRECS,9951.0,2,1,trades_round_4_day_1.csv,19902.0,1,HYDROGEL_PACK,9951,14,9948.0,23.0,,,9967,14,9969.0,23.0,,,9959.0,0.0,prices_round_4_day_1.csv,9948.0,9969.0,9958.5,16,37.0,37.0,0.0,9948.0,9969.0,9958.5,3606,9959.0,9956.0,9958.0,9959.0,9970.0,9969.5,9969.0,40.0,40.0,9951,9967,sell,Mark 14,buyer,1.0,8.0,False,middle,1-2,0.0,8.0,16.0,-3.0,5.0,10.0,-1.0,7.0,14.0,0.0,8.0,16.0,11.0,19.0,38.0,10.5,18.5,37.0,10.0,18.0,36.0
362700,Mark 14,Mark 38,HYDROGEL_PACK,XIRECS,9961.0,3,1,trades_round_4_day_1.csv,29883.0,1,HYDROGEL_PACK,9961,15,9959.0,29.0,,,9977,15,9980.0,29.0,,,9969.0,0.0,prices_round_4_day_1.csv,9959.0,9980.0,9969.5,16,44.0,44.0,0.0,9959.0,9980.0,9969.5,3627,9967.0,9972.0,9973.0,9968.0,9969.0,9967.0,9957.0,40.0,40.0,9961,9977,sell,Mark 14,buyer,1.0,8.0,False,middle,3-5,-2.0,6.0,18.0,3.0,11.0,33.0,4.0,12.0,36.0,-1.0,7.0,21.0,0.0,8.0,24.0,-2.0,6.0,18.0,-12.0,-4.0,-12.0
363100,Mark 38,Mark 14,HYDROGEL_PACK,XIRECS,9983.0,4,1,trades_round_4_day_1.csv,39932.0,1,HYDROGEL_PACK,9967,14,9964.0,30.0,,,9983,14,9985.0,30.0,,,9975.0,0.0,prices_round_4_day_1.csv,9964.0,9985.0,9974.5,16,44.0,44.0,0.0,9964.0,9985.0,9974.5,3631,9973.0,9972.0,9967.0,9966.0,9973.0,9973.0,9960.0,42.0,42.0,9967,9983,buy,Mark 38,buyer,1.0,-8.0,True,middle,3-5,-2.0,-10.0,-40.0,-3.0,-11.0,-44.0,-8.0,-16.0,-64.0,-9.0,-17.0,-68.0,-2.0,-10.0,-40.0,-2.0,-10.0,-40.0,-15.0,-23.0,-92.0
364800,Mark 38,Mark 14,HYDROGEL_PACK,XIRECS,9978.0,5,1,trades_round_4_day_1.csv,49890.0,1,HYDROGEL_PACK,9962,11,9960.0,21.0,,,9978,11,9981.0,21.0,,,9970.0,0.0,prices_round_4_day_1.csv,9960.0,9981.0,9970.5,16,32.0,32.0,0.0,9960.0,9981.0,9970.5,3648,9973.0,9974.0,9971.5,9969.0,9962.0,9966.0,9957.0,36.0,36.0,9962,9978,buy,Mark 38,buyer,1.0,-8.0,True,middle,3-5,3.0,-5.0,-25.0,4.0,-4.0,-20.0,1.5,-6.5,-32.5,-1.0,-9.0,-45.0,-8.0,-16.0,-80.0,-4.0,-12.0,-60.0,-13.0,-21.0,-105.0
368500,Mark 38,Mark 14,HYDROGEL_PACK,XIRECS,9983.0,6,1,trades_round_4_day_1.csv,59898.0,1,HYDROGEL_PACK,9967,14,9965.0,30.0,,,9983,14,9986.0,30.0,,,9975.0,0.0,prices_round_4_day_1.csv,9965.0,9986.0,9975.5,16,44.0,44.0,0.0,9965.0,9986.0,9975.5,3685,9973.0,9973.0,9969.0,9967.0,9968.0,9964.0,9959.0,39.0,39.0,9967,9983,buy,Mark 38,buyer,1.0,-8.0,True,middle,6-10,-2.0,-10.0,-60.0,-2.0,-10.0,-60.0,-6.0,-14.0,-84.0,-8.0,-16.0,-96.0,-7.0,-15.0,-90.0,-11.0,-19.0,-114.0,-16.0,-24.0,-144.0
371400,Mark 14,Mark 38,HYDROGEL_PACK,XIRECS,9953.0,2,1,trades_round_4_day_1.csv,19906.0,1,HYDROGEL_PACK,9953,11,9950.0,27.0,,,9969,11,9971.0,27.0,,,9961.0,0.0,prices_round_4_day_1.csv,9950.0,9971.0,9960.5,16,38.0,38.0,0.0,9950.0,9971.0,9960.5,3714,9959.0,9957.0,9966.0,9959.0,9962.0,9963.0,9943.0,38.0,38.0,9953,9969,sell,Mark 14,buyer,1.0,8.0,False,middle,1-2,-2.0,6.0,12.0,-4.0,4.0,8.0,5.0,13.0,26.0,-2.0,6.0,12.0,1.0,9.0,18.0,2.0,10.0,20.0,-18.0,-10.0,-20.0
373400,Mark 38,Mark 14,HYDROGEL_PACK,XIRECS,9970.0,3,1,trades_round_4_day_1.csv,29910.0,1,HYDROGEL_PACK,9954,13,9952.0,22.0,,,9970,13,9973.0,22.0,,,9962.0,0.0,prices_round_4_day_1.csv,9952.0,9973.0,9962.5,16,35.0,35.0,0.0,9952.0,9973.0,9962.5,3734,9964.0,9964.0,9963.0,9956.5,9956.0,9959.0,9935.0,31.0,31.0,9954,9970,buy,Mark 38,buyer,1.0,-8.0,True,middle,3-5,2.0,-6.0,-18.0,2.0,-6.0,-18.0,1.0,-7.0,-21.0,-5.5,-13.5,-40.5,-6.0,-14.0,-42.0,-3.0,-11.0,-33.0,-27.0,-35.0,-105.0
373700,Mark 14,Mark 38,HYDROGEL_PACK,XIRECS,9954.0,5,1,trades_round_4_day_1.csv,49770.0,1,HYDROGEL_PACK,9954,14,9951.0,22.0,,,9970,14,9972.0,22.0,,,9962.0,0.0,prices_round_4_day_1.csv,9951.0,9972.0,9961.5,16,36.0,36.0,0.0,9951.0,9972.0,9961.5,3737,9960.0,9963.0,9961.0,9958.5,9961.0,9952.0,9939.5,40.0,40.0,9954,9970,sell,Mark 14,buyer,1.0,8.0,False,middle,3-5,-2.0,6.0,30.0,1.0,9.0,45.0,-1.0,7.0,35.0,-3.5,4.5,22.5,-1.0,7.0,35.0,-10.0,-2.0,-10.0,-22.5,-14.5,-72.5
375100,Mark 14,Mark 38,HYDROGEL_PACK,XIRECS,9947.0,2,1,trades_round_4_day_1.csv,19894.0,1,HYDROGEL_PACK,9947,12,9944.0,30.0,,,9963,12,9965.0,30.0,,,9955.0,0.0,prices_round_4_day_1.csv,9944.0,9965.0,9954.5,16,42.0,42.0,0.0,9944.0,9965.0,9954.5,3751,9958.0,9959.0,9961.0,9961.0,9965.0,9949.0,9938.0,36.0,36.0,9947,9963,sell,Mark 14,buyer,1.0,8.0,False,middle,1-2,3.0,11.0,22.0,4.0,12.0,24.0,6.0,14.0,28.0,6.0,14.0,28.0,10.0,18.0,36.0,-6.0,2.0,4.0,-17.0,-9.0,-18.0
380100,Mark 38,Mark 14,HYDROGEL_PACK,XIRECS,9957.0,6,1,trades_round_4_day_1.csv,59742.0,1,HYDROGEL_PACK,9941,15,9939.0,22.0,,,9957,15,9960.0,22.0,,,9949.0,0.0,prices_round_4_day_1.csv,9939.0,9960.0,9949.5,16,37.0,37.0,0.0,9939.0,9960.0,9949.5,3801,9947.0,9948.0,9937.0,9940.0,9935.0,9938.0,9945.5,33.0,33.0,9941,9957,buy,Mark 38,buyer,1.0,-8.0,True,middle,6-10,-2.0,-10.0,-60.0,-1.0,-9.0,-54.0,-12.0,-20.0,-120.0,-9.0,-17.0,-102.0,-14.0,-22.0,-132.0,-11.0,-19.0,-114.0,-3.5,-11.5,-69.0
380700,Mark 38,Mark 14,HYDROGEL_PACK,XIRECS,9948.0,4,1,trades_round_4_day_1.csv,39792.0,1,HYDROGEL_PACK,9932,12,9930.0,27.0,,,9948,12,9951.0,27.0,,,9940.0,0.0,prices_round_4_day_1.csv,9930.0,9951.0,9940.5,16,39.0,39.0,0.0,9930.0,9951.0,9940.5,3807,9939.0,9941.0,9942.0,9938.0,9931.5,9933.0,9945.5,41.0,41.0,9932,9948,buy,Mark 38,buyer,1.0,-8.0,True,middle,3-5,-1.0,-9.0,-36.0,1.0,-7.0,-28.0,2.0,-6.0,-24.0,-2.0,-10.0,-40.0,-8.5,-16.5,-66.0,-7.0,-15.0,-60.0,5.5,-2.5,-10.0
383300,Mark 38,Mark 14,HYDROGEL_PACK,XIRECS,9945.0,5,1,trades_round_4_day_1.csv,49725.0,1,HYDROGEL_PACK,9929,11,9926.0,25.0,,,9945,11,9947.0,25.0,,,9937.0,0.0,prices_round_4_day_1.csv,9926.0,9947.0,9936.5,16,36.0,36.0,0.0,9926.0,9947.0,9936.5,3833,9935.0,9937.0,9939.0,9939.5,9940.0,9942.5,9955.0,37.0,37.0,9929,9945,buy,Mark 38,buyer,1.0,-8.0,True,middle,3-5,-2.0,-10.0,-50.0,0.0,-8.0,-40.0,2.0,-6.0,-30.0,2.5,-5.5,-27.5,3.0,-5.0,-25.0,5.5,-2.5,-12.5,18.0,10.0,50.0
383600,Mark 38,Mark 14,HYDROGEL_PACK,XIRECS,9948.0,4,1,trades_round_4_day_1.csv,39792.0,1,HYDROGEL_PACK,9932,14,9929.0,29.0,,,9948,14,9950.0,29.0,,,9940.0,0.0,prices_round_4_day_1.csv,9929.0,9950.0,9939.5,16,43.0,43.0,0.0,9929.0,9950.0,9939.5,3836,9939.5,9939.0,9941.0,9939.0,9932.0,9943.0,9953.0,41.0,41.0,9932,9948,buy,Mark 38,buyer,1.0,-8.0,True,middle,3-5,-0.5,-8.5,-34.0,-1.0,-9.0,-36.0,1.0,-7.0,-28.0,-1.0,-9.0,-36.0,-8.0,-16.0,-64.0,3.0,-5.0,-20.0,13.0,5.0,20.0
385800,Mark 38,Mark 14,HYDROGEL_PACK,XIRECS,9943.0,6,1,trades_round_4_day_1.csv,59658.0,1,HYDROGEL_PACK,9927,12,9924.0,22.0,,,9943,12,9945.0,22.0,,,9935.0,0.0,prices_round_4_day_1.csv,9924.0,9945.0,9934.5,16,34.0,34.0,0.0,9924.0,9945.0,9934.5,3858,9931.0,9933.5,9934.0,9939.5,9941.0,9947.0,9944.0,38.0,38.0,9927,9943,buy,Mark 38,buyer,1.0,-8.0,True,middle,6-10,-4.0,-12.0,-72.0,-1.5,-9.5,-57.0,-1.0,-9.0,-54.0,4.5,-3.5,-21.0,6.0,-2.0,-12.0,12.0,4.0,24.0,9.0,1.0,6.0
394800,Mark 14,Mark 38,HYDROGEL_PACK,XIRECS,9941.0,5,1,trades_round_4_day_1.csv,49705.0,1,HYDROGEL_PACK,9941,12,9938.0,22.0,,,9957,12,9959.0,22.0,,,9949.0,0.0,prices_round_4_day_1.csv,9938.0,9959.0,9948.5,16,34.0,34.0,0.0,9938.0,9959.0,9948.5,3948,9949.0,9949.0,9947.0,9944.0,9947.0,9943.0,9929.0,39.0,39.0,9941,9957,sell,Mark 14,buyer,1.0,8.0,False,middle,3-5,0.0,8.0,40.0,0.0,8.0,40.0,-2.0,6.0,30.0,-5.0,3.0,15.0,-2.0,6.0,30.0,-6.0,2.0,10.0,-20.0,-12.0,-60.0
396300,Mark 38,Mark 14,HYDROGEL_PACK,XIRECS,9956.0,4,1,trades_round_4_day_1.csv,39824.0,1,HYDROGEL_PACK,9941,13,9938.0,28.0,,,9956,13,9959.0,28.0,,,9948.5,0.0,prices_round_4_day_1.csv,9938.0,9959.0,9948.5,15,41.0,41.0,0.0,9938.0,9959.0,9948.5,3963,9951.0,9950.0,9947.0,9947.0,9936.0,9932.0,9938.0,38.0,38.0,9941,9956,buy,Mark 38,buyer,1.0,-7.5,True,middle,3-5,2.5,-5.0,-20.0,1.5,-6.0,-24.0,-1.5,-9.0,-36.0,-1.5,-9.0,-36.0,-12.5,-20.0,-80.0,-16.5,-24.0,-96.0,-10.5,-18.0,-72.0
397800,Mark 38,Mark 14,HYDROGEL_PACK,XIRECS,9950.0,4,1,trades_round_4_day_1.csv,39800.0,1,HYDROGEL_PACK,9934,11,9932.0,29.0,,,9950,11,9952.0,29.0,,,9942.0,0.0,prices_round_4_day_1.csv,9932.0,9952.0,9942.0,16,40.0,40.0,0.0,9932.0,9952.0,9942.0,3978,9943.0,9940.0,9936.0,9943.5,9943.0,9927.0,9934.0,33.0,33.0,9934,9950,buy,Mark 38,buyer,1.0,-8.0,True,middle,3-5,1.0,-7.0,-28.0,-2.0,-10.0,-40.0,-6.0,-14.0,-56.0,1.5,-6.5,-26.0,1.0,-7.0,-28.0,-15.0,-23.0,-92.0,-8.0,-16.0,-64.0
403600,Mark 14,Mark 38,HYDROGEL_PACK,XIRECS,9922.0,6,1,trades_round_4_day_1.csv,59532.0,1,HYDROGEL_PACK,9922,14,9919.0,26.0,,,9938,14,9940.0,26.0,,,9930.0,0.0,prices_round_4_day_1.csv,9919.0,9940.0,9929.5,16,40.0,40.0,0.0,9919.0,9940.0,9929.5,4036,9931.0,9931.0,9928.0,9928.5,9930.0,9938.0,9950.0,30.0,30.0,9922,9938,sell,Mark 14,buyer,1.0,8.0,False,middle,6-10,1.0,9.0,54.0,1.0,9.0,54.0,-2.0,6.0,36.0,-1.5,6.5,39.0,0.0,8.0,48.0,8.0,16.0,96.0,20.0,28.0,168.0
409300,Mark 14,Mark 38,HYDROGEL_PACK,XIRECS,9929.0,6,1,trades_round_4_day_1.csv,59574.0,1,HYDROGEL_PACK,9929,12,9927.0,21.0,,,9945,12,9948.0,21.0,,,9937.0,0.0,prices_round_4_day_1.csv,9927.0,9948.0,9937.5,16,33.0,33.0,0.0,9927.0,9948.0,9937.5,4093,9938.0,9942.0,9943.0,9947.0,9942.0,9950.0,9947.0,38.0,38.0,9929,9945,sell,Mark 14,buyer,1.0,8.0,False,middle,6-10,1.0,9.0,54.0,5.0,13.0,78.0,6.0,14.0,84.0,10.0,18.0,108.0,5.0,13.0,78.0,13.0,21.0,126.0,10.0,18.0,108.0
411000,Mark 38,Mark 14,HYDROGEL_PACK,XIRECS,9951.0,4,1,trades_round_4_day_1.csv,39804.0,1,HYDROGEL_PACK,9935,11,9933.0,27.0,,,9951,11,9954.0,27.0,,,9943.0,0.0,prices_round_4_day_1.csv,9933.0,9954.0,9943.5,16,38.0,38.0,0.0,9933.0,9954.0,9943.5,4110,9941.0,9941.0,9945.0,9945.0,9951.0,9954.0,9948.0,40.0,40.0,9935,9951,buy,Mark 38,buyer,1.0,-8.0,True,middle,3-5,-2.0,-10.0,-40.0,-2.0,-10.0,-40.0,2.0,-6.0,-24.0,2.0,-6.0,-24.0,8.0,0.0,0.0,11.0,3.0,12.0,5.0,-3.0,-12.0
411400,Mark 38,Mark 14,HYDROGEL_PACK,XIRECS,9952.0,3,1,trades_round_4_day_1.csv,29856.0,1,HYDROGEL_PACK,9936,13,9933.0,28.0,,,9952,13,9954.0,28.0,,,9944.0,0.0,prices_round_4_day_1.csv,9933.0,9954.0,9943.5,16,41.0,41.0,0.0,9933.0,9954.0,9943.5,4114,9945.0,9944.0,9942.0,9944.0,9947.0,9954.0,9955.0,39.0,39.0,9936,9952,buy,Mark 38,buyer,1.0,-8.0,True,middle,3-5,1.0,-7.0,-21.0,0.0,-8.0,-24.0,-2.0,-10.0,-30.0,0.0,-8.0,-24.0,3.0,-5.0,-15.0,10.0,2.0,6.0,11.0,3.0,9.0
412300,Mark 38,Mark 14,HYDROGEL_PACK,XIRECS,9953.0,2,1,trades_round_4_day_1.csv,19906.0,1,HYDROGEL_PACK,9937,10,9934.0,24.0,,,9953,10,9955.0,24.0,,,9945.0,0.0,prices_round_4_day_1.csv,9934.0,9955.0,9944.5,16,34.0,34.0,0.0,9934.0,9955.0,9944.5,4123,9944.0,9945.0,9950.0,9949.0,9950.0,9953.0,9954.0,36.0,36.0,9937,9953,buy,Mark 38,buyer,1.0,-8.0,True,middle,1-2,-1.0,-9.0,-18.0,0.0,-8.0,-16.0,5.0,-3.0,-6.0,4.0,-4.0,-8.0,5.0,-3.0,-6.0,8.0,0.0,0.0,9.0,1.0,2.0
414000,Mark 38,Mark 14,HYDROGEL_PACK,XIRECS,9962.0,2,1,trades_round_4_day_1.csv,19924.0,1,HYDROGEL_PACK,9946,13,9943.0,22.0,,,9962,13,9964.0,22.0,,,9954.0,0.0,prices_round_4_day_1.csv,9943.0,9964.0,9953.5,16,35.0,35.0,0.0,9943.0,9964.0,9953.5,4140,9950.0,9948.5,9955.0,9949.0,9954.0,9947.0,9955.0,38.0,38.0,9946,9962,buy,Mark 38,buyer,1.0,-8.0,True,middle,1-2,-4.0,-12.0,-24.0,-5.5,-13.5,-27.0,1.0,-7.0,-14.0,-5.0,-13.0,-26.0,0.0,-8.0,-16.0,-7.0,-15.0,-30.0,1.0,-7.0,-14.0
414400,Mark 14,Mark 38,HYDROGEL_PACK,XIRECS,9945.0,3,1,trades_round_4_day_1.csv,29835.0,1,HYDROGEL_PACK,9945,14,9942.0,20.0,,,9961,14,9963.0,20.0,,,9953.0,0.0,prices_round_4_day_1.csv,9942.0,9963.0,9952.5,16,34.0,34.0,0.0,9942.0,9963.0,9952.5,4144,9955.0,9952.0,9949.0,9956.0,9954.0,9946.0,9949.5,36.0,36.0,9945,9961,sell,Mark 14,buyer,1.0,8.0,False,middle,3-5,2.0,10.0,30.0,-1.0,7.0,21.0,-4.0,4.0,12.0,3.0,11.0,33.0,1.0,9.0,27.0,-7.0,1.0,3.0,-3.5,4.5,13.5
414800,Mark 14,Mark 38,HYDROGEL_PACK,XIRECS,9940.0,3,1,trades_round_4_day_1.csv,29820.0,1,HYDROGEL_PACK,9940,14,9938.0,27.0,,,9956,14,9959.0,27.0,,,9948.0,0.0,prices_round_4_day_1.csv,9938.0,9959.0,9948.5,16,41.0,41.0,0.0,9938.0,9959.0,9948.5,4148,9949.0,9949.0,9956.5,9955.0,9961.0,9949.0,9955.5,39.0,39.0,9940,9956,sell,Mark 14,buyer,1.0,8.0,False,middle,3-5,1.0,9.0,27.0,1.0,9.0,27.0,8.5,16.5,49.5,7.0,15.0,45.0,13.0,21.0,63.0,1.0,9.0,27.0,7.5,15.5,46.5
421500,Mark 14,Mark 38,HYDROGEL_PACK,XIRECS,9946.0,3,1,trades_round_4_day_1.csv,29838.0,1,HYDROGEL_PACK,9946,12,9943.0,30.0,,,9962,12,9964.0,30.0,,,9954.0,0.0,prices_round_4_day_1.csv,9943.0,9964.0,9953.5,16,42.0,42.0,0.0,9943.0,9964.0,9953.5,4215,9955.0,9955.0,9951.0,9951.0,9956.0,9954.0,9937.0,41.0,41.0,9946,9962,sell,Mark 14,buyer,1.0,8.0,False,middle,3-5,1.0,9.0,27.0,1.0,9.0,27.0,-3.0,5.0,15.0,-3.0,5.0,15.0,2.0,10.0,30.0,0.0,8.0,24.0,-17.0,-9.0,-27.0
427000,Mark 14,Mark 38,HYDROGEL_PACK,XIRECS,9950.0,2,1,trades_round_4_day_1.csv,19900.0,1,HYDROGEL_PACK,9950,13,9948.0,29.0,,,9966,13,9969.0,29.0,,,9958.0,0.0,prices_round_4_day_1.csv,9948.0,9969.0,9958.5,16,42.0,42.0,0.0,9948.0,9969.0,9958.5,4270,9959.0,9958.0,9953.0,9948.0,9942.0,9928.0,9924.0,33.0,33.0,9950,9966,sell,Mark 14,buyer,1.0,8.0,False,middle,1-2,1.0,9.0,18.0,0.0,8.0,16.0,-5.0,3.0,6.0,-10.0,-2.0,-4.0,-16.0,-8.0,-16.0,-30.0,-22.0,-44.0,-34.0,-26.0,-52.0
436200,Mark 38,Mark 14,HYDROGEL_PACK,XIRECS,9935.0,5,1,trades_round_4_day_1.csv,49675.0,1,HYDROGEL_PACK,9919,10,9916.0,23.0,,,9935,10,9937.0,23.0,,,9927.0,0.0,prices_round_4_day_1.csv,9916.0,9937.0,9926.5,16,33.0,33.0,0.0,9916.0,9937.0,9926.5,4362,9926.5,9925.0,9926.0,9926.0,9926.5,9908.5,9922.0,35.0,35.0,9919,9935,buy,Mark 38,buyer,1.0,-8.0,True,middle,3-5,-0.5,-8.5,-42.5,-2.0,-10.0,-50.0,-1.0,-9.0,-45.0,-1.0,-9.0,-45.0,-0.5,-8.5,-42.5,-18.5,-26.5,-132.5,-5.0,-13.0,-65.0
440300,Mark 38,Mark 14,HYDROGEL_PACK,XIRECS,9922.0,2,1,trades_round_4_day_1.csv,19844.0,1,HYDROGEL_PACK,9906,13,9903.0,24.0,,,9922,13,9924.0,24.0,,,9914.0,0.0,prices_round_4_day_1.csv,9903.0,9924.0,9913.5,16,37.0,37.0,0.0,9903.0,9924.0,9913.5,4403,9917.0,9914.0,9916.0,9910.0,9919.0,9916.0,9940.0,48.0,41.0,9906,9922,buy,Mark 38,buyer,1.0,-8.0,True,middle,1-2,3.0,-5.0,-10.0,0.0,-8.0,-16.0,2.0,-6.0,-12.0,-4.0,-12.0,-24.0,5.0,-3.0,-6.0,2.0,-6.0,-12.0,26.0,18.0,36.0
441300,Mark 14,Mark 38,HYDROGEL_PACK,XIRECS,9902.0,2,1,trades_round_4_day_1.csv,19804.0,1,HYDROGEL_PACK,9902,10,9900.0,21.0,,,9918,10,9921.0,21.0,,,9910.0,0.0,prices_round_4_day_1.csv,9900.0,9921.0,9910.5,16,31.0,31.0,0.0,9900.0,9921.0,9910.5,4413,9913.0,9913.0,9913.0,9919.0,9917.0,9927.0,9943.0,42.0,42.0,9902,9918,sell,Mark 14,buyer,1.0,8.0,False,middle,1-2,3.0,11.0,22.0,3.0,11.0,22.0,3.0,11.0,22.0,9.0,17.0,34.0,7.0,15.0,30.0,17.0,25.0,50.0,33.0,41.0,82.0
443600,Mark 14,Mark 38,HYDROGEL_PACK,XIRECS,9908.0,2,1,trades_round_4_day_1.csv,19816.0,1,HYDROGEL_PACK,9908,15,9906.0,30.0,,,9924,15,9927.0,30.0,,,9916.0,0.0,prices_round_4_day_1.csv,9906.0,9927.0,9916.5,16,45.0,45.0,0.0,9906.0,9927.0,9916.5,4436,9916.0,9913.5,9919.0,9920.0,9916.0,9940.5,9937.0,36.0,36.0,9908,9924,sell,Mark 14,buyer,1.0,8.0,False,middle,1-2,0.0,8.0,16.0,-2.5,5.5,11.0,3.0,11.0,22.0,4.0,12.0,24.0,0.0,8.0,16.0,24.5,32.5,65.0,21.0,29.0,58.0
450000,Mark 14,Mark 38,HYDROGEL_PACK,XIRECS,9932.0,5,1,trades_round_4_day_1.csv,49660.0,1,HYDROGEL_PACK,9932,11,9930.0,20.0,,,9948,11,9951.0,20.0,,,9940.0,0.0,prices_round_4_day_1.csv,9930.0,9951.0,9940.5,16,31.0,31.0,0.0,9930.0,9951.0,9940.5,4500,9942.0,9940.0,9942.0,9946.0,9936.0,9935.0,9924.0,31.0,31.0,9932,9948,sell,Mark 14,buyer,1.0,8.0,False,middle,3-5,2.0,10.0,50.0,0.0,8.0,40.0,2.0,10.0,50.0,6.0,14.0,70.0,-4.0,4.0,20.0,-5.0,3.0,15.0,-16.0,-8.0,-40.0
457700,Mark 14,Mark 38,HYDROGEL_PACK,XIRECS,9914.0,4,1,trades_round_4_day_1.csv,39656.0,1,HYDROGEL_PACK,9914,15,9911.0,29.0,,,9930,15,9932.0,29.0,,,9922.0,0.0,prices_round_4_day_1.csv,9911.0,9932.0,9921.5,16,44.0,44.0,0.0,9911.0,9932.0,9921.5,4577,9922.0,9920.0,9922.0,9921.0,9929.5,9925.0,9934.0,38.0,38.0,9914,9930,sell,Mark 14,buyer,1.0,8.0,False,middle,3-5,0.0,8.0,32.0,-2.0,6.0,24.0,0.0,8.0,32.0,-1.0,7.0,28.0,7.5,15.5,62.0,3.0,11.0,44.0,12.0,20.0,80.0
462500,Mark 38,Mark 14,HYDROGEL_PACK,XIRECS,9932.0,2,1,trades_round_4_day_1.csv,19864.0,1,HYDROGEL_PACK,9916,12,9914.0,28.0,,,9932,12,9934.0,28.0,,,9924.0,0.0,prices_round_4_day_1.csv,9914.0,9934.0,9924.0,16,40.0,40.0,0.0,9914.0,9934.0,9924.0,4625,9926.0,9925.0,9922.0,9917.0,9911.0,9934.0,9938.0,42.0,42.0,9916,9932,buy,Mark 38,buyer,1.0,-8.0,True,middle,1-2,2.0,-6.0,-12.0,1.0,-7.0,-14.0,-2.0,-10.0,-20.0,-7.0,-15.0,-30.0,-13.0,-21.0,-42.0,10.0,2.0,4.0,14.0,6.0,12.0
476200,Mark 38,Mark 14,HYDROGEL_PACK,XIRECS,9959.0,3,1,trades_round_4_day_1.csv,29877.0,1,HYDROGEL_PACK,9943,13,9941.0,25.0,,,9959,13,9961.0,25.0,,,9951.0,0.0,prices_round_4_day_1.csv,9941.0,9961.0,9951.0,16,38.0,38.0,0.0,9941.0,9961.0,9951.0,4762,9954.0,9952.5,9951.5,9949.0,9958.0,9962.5,9961.0,37.0,37.0,9943,9959,buy,Mark 38,buyer,1.0,-8.0,True,middle,3-5,3.0,-5.0,-15.0,1.5,-6.5,-19.5,0.5,-7.5,-22.5,-2.0,-10.0,-30.0,7.0,-1.0,-3.0,11.5,3.5,10.5,10.0,2.0,6.0
477600,Mark 14,Mark 38,HYDROGEL_PACK,XIRECS,9941.0,5,1,trades_round_4_day_1.csv,49705.0,1,HYDROGEL_PACK,9941,14,9938.0,23.0,,,9957,14,9959.0,23.0,,,9949.0,0.0,prices_round_4_day_1.csv,9938.0,9959.0,9948.5,16,37.0,37.0,0.0,9938.0,9959.0,9948.5,4776,9950.0,9950.0,9954.0,9964.0,9961.0,9959.0,9963.0,37.0,37.0,9941,9957,sell,Mark 14,buyer,1.0,8.0,False,middle,3-5,1.0,9.0,45.0,1.0,9.0,45.0,5.0,13.0,65.0,15.0,23.0,115.0,12.0,20.0,100.0,10.0,18.0,90.0,14.0,22.0,110.0
479100,Mark 38,Mark 14,HYDROGEL_PACK,XIRECS,9973.0,5,1,trades_round_4_day_1.csv,49865.0,1,HYDROGEL_PACK,9964,9,9957.0,13.0,9955.0,26.0,9973,13,9975.0,26.0,,,9968.5,0.0,prices_round_4_day_1.csv,9955.0,9975.0,9965.0,9,48.0,39.0,0.10344827586206896,9955.0,9975.0,9965.0,4791,9963.0,9965.0,9961.0,9958.0,9963.0,9955.0,9959.0,30.0,30.0,9964,9973,buy,Mark 38,buyer,1.0,-4.5,True,middle,3-5,-5.5,-10.0,-50.0,-3.5,-8.0,-40.0,-7.5,-12.0,-60.0,-10.5,-15.0,-75.0,-5.5,-10.0,-50.0,-13.5,-18.0,-90.0,-9.5,-14.0,-70.0
485300,Mark 14,Mark 38,HYDROGEL_PACK,XIRECS,9952.0,3,1,trades_round_4_day_1.csv,29856.0,1,HYDROGEL_PACK,9952,14,9949.0,29.0,,,9968,14,9970.0,29.0,,,9960.0,0.0,prices_round_4_day_1.csv,9949.0,9970.0,9959.5,16,43.0,43.0,0.0,9949.0,9970.0,9959.5,4853,9962.0,9962.0,9962.0,9962.0,9961.0,9961.0,9972.0,43.0,43.0,9952,9968,sell,Mark 14,buyer,1.0,8.0,False,middle,3-5,2.0,10.0,30.0,2.0,10.0,30.0,2.0,10.0,30.0,2.0,10.0,30.0,1.0,9.0,27.0,1.0,9.0,27.0,12.0,20.0,60.0
489600,Mark 14,Mark 38,HYDROGEL_PACK,XIRECS,9948.0,4,1,trades_round_4_day_1.csv,39792.0,1,HYDROGEL_PACK,9948,11,9946.0,30.0,,,9964,11,9967.0,30.0,,,9956.0,0.0,prices_round_4_day_1.csv,9946.0,9967.0,9956.5,16,41.0,41.0,0.0,9946.0,9967.0,9956.5,4896,9957.0,9958.0,9963.0,9958.0,9967.0,9967.0,10003.0,36.0,36.0,9948,9964,sell,Mark 14,buyer,1.0,8.0,False,middle,3-5,1.0,9.0,36.0,2.0,10.0,40.0,7.0,15.0,60.0,2.0,10.0,40.0,11.0,19.0,76.0,11.0,19.0,76.0,47.0,55.0,220.0
494500,Mark 38,Mark 14,HYDROGEL_PACK,XIRECS,9975.0,4,1,trades_round_4_day_1.csv,39900.0,1,HYDROGEL_PACK,9959,15,9956.0,20.0,,,9975,15,9977.0,20.0,,,9967.0,0.0,prices_round_4_day_1.csv,9956.0,9977.0,9966.5,16,35.0,35.0,0.0,9956.0,9977.0,9966.5,4945,9967.0,9966.0,9969.0,9974.0,9982.0,10003.0,10004.0,38.0,38.0,9959,9975,buy,Mark 38,buyer,1.0,-8.0,True,middle,3-5,0.0,-8.0,-32.0,-1.0,-9.0,-36.0,2.0,-6.0,-24.0,7.0,-1.0,-4.0,15.0,7.0,28.0,36.0,28.0,112.0,37.0,29.0,116.0
495300,Mark 14,Mark 38,HYDROGEL_PACK,XIRECS,9964.0,5,1,trades_round_4_day_1.csv,49820.0,1,HYDROGEL_PACK,9964,15,9962.0,24.0,,,9980,15,9983.0,24.0,,,9972.0,0.0,prices_round_4_day_1.csv,9962.0,9983.0,9972.5,16,39.0,39.0,0.0,9962.0,9983.0,9972.5,4953,9973.0,9974.0,9979.0,9984.0,9981.0,9992.0,10006.0,33.0,33.0,9964,9980,sell,Mark 14,buyer,1.0,8.0,False,middle,3-5,1.0,9.0,45.0,2.0,10.0,50.0,7.0,15.0,75.0,12.0,20.0,100.0,9.0,17.0,85.0,20.0,28.0,140.0,34.0,42.0,210.0
499900,Mark 14,Mark 38,HYDROGEL_PACK,XIRECS,9990.0,6,1,trades_round_4_day_1.csv,59940.0,1,HYDROGEL_PACK,9990,15,9987.0,24.0,,,10006,15,10008.0,24.0,,,9998.0,0.0,prices_round_4_day_1.csv,9987.0,10008.0,9997.5,16,39.0,39.0,0.0,9987.0,10008.0,9997.5,4999,9999.0,9995.0,9994.0,9998.0,9993.0,10006.0,10013.0,36.0,36.0,9990,10006,sell,Mark 14,buyer,1.0,8.0,False,middle,6-10,1.0,9.0,54.0,-3.0,5.0,30.0,-4.0,4.0,24.0,0.0,8.0,48.0,-5.0,3.0,18.0,8.0,16.0,96.0,15.0,23.0,138.0
500800,Mark 14,Mark 38,HYDROGEL_PACK,XIRECS,9987.0,4,1,trades_round_4_day_1.csv,39948.0,1,HYDROGEL_PACK,9987,10,9984.0,21.0,,,10003,10,10005.0,21.0,,,9995.0,0.0,prices_round_4_day_1.csv,9984.0,10005.0,9994.5,16,31.0,31.0,0.0,9984.0,10005.0,9994.5,5008,9998.0,9998.0,9997.0,9995.0,10003.0,9998.0,10001.0,38.0,38.0,9987,10003,sell,Mark 14,buyer,1.0,8.0,False,middle,3-5,3.0,11.0,44.0,3.0,11.0,44.0,2.0,10.0,40.0,0.0,8.0,32.0,8.0,16.0,64.0,3.0,11.0,44.0,6.0,14.0,56.0
501400,Mark 14,Mark 38,HYDROGEL_PACK,XIRECS,9987.0,6,1,trades_round_4_day_1.csv,59922.0,1,HYDROGEL_PACK,9987,15,9984.0,30.0,,,10003,15,10005.0,30.0,,,9995.0,0.0,prices_round_4_day_1.csv,9984.0,10005.0,9994.5,16,45.0,45.0,0.0,9984.0,10005.0,9994.5,5014,9993.0,9994.0,9993.0,9998.0,10004.0,10000.0,10004.0,40.0,40.0,9987,10003,sell,Mark 14,buyer,1.0,8.0,False,middle,6-10,-2.0,6.0,36.0,-1.0,7.0,42.0,-2.0,6.0,36.0,3.0,11.0,66.0,9.0,17.0,102.0,5.0,13.0,78.0,9.0,17.0,102.0
502000,Mark 14,Mark 38,HYDROGEL_PACK,XIRECS,9985.0,3,1,trades_round_4_day_1.csv,29955.0,1,HYDROGEL_PACK,9985,11,9982.0,27.0,,,10001,11,10003.0,27.0,,,9993.0,0.0,prices_round_4_day_1.csv,9982.0,10003.0,9992.5,16,38.0,38.0,0.0,9982.0,10003.0,9992.5,5020,9996.0,9996.0,9997.0,10006.0,10003.0,10001.0,10007.0,40.0,40.0,9985,10001,sell,Mark 14,buyer,1.0,8.0,False,middle,3-5,3.0,11.0,33.0,3.0,11.0,33.0,4.0,12.0,36.0,13.0,21.0,63.0,10.0,18.0,54.0,8.0,16.0,48.0,14.0,22.0,66.0
503500,Mark 14,Mark 38,HYDROGEL_PACK,XIRECS,9994.0,6,1,trades_round_4_day_1.csv,59964.0,1,HYDROGEL_PACK,9994,13,9991.0,27.0,,,10010,13,10012.0,27.0,,,10002.0,0.0,prices_round_4_day_1.csv,9991.0,10012.0,10001.5,16,40.0,40.0,0.0,9991.0,10012.0,10001.5,5035,10002.0,10000.0,10003.0,10004.0,10000.0,10000.0,9999.0,34.0,34.0,9994,10010,sell,Mark 14,buyer,1.0,8.0,False,middle,6-10,0.0,8.0,48.0,-2.0,6.0,36.0,1.0,9.0,54.0,2.0,10.0,60.0,-2.0,6.0,36.0,-2.0,6.0,36.0,-3.0,5.0,30.0
507200,Mark 38,Mark 14,HYDROGEL_PACK,XIRECS,10012.0,4,1,trades_round_4_day_1.csv,40048.0,1,HYDROGEL_PACK,9996,11,9993.0,27.0,,,10012,11,10014.0,27.0,,,10004.0,0.0,prices_round_4_day_1.csv,9993.0,10014.0,10003.5,16,38.0,38.0,0.0,9993.0,10014.0,10003.5,5072,10001.0,10002.0,10000.0,10002.0,10002.0,10003.0,10019.0,39.0,39.0,9996,10012,buy,Mark 38,buyer,1.0,-8.0,True,middle,3-5,-3.0,-11.0,-44.0,-2.0,-10.0,-40.0,-4.0,-12.0,-48.0,-2.0,-10.0,-40.0,-2.0,-10.0,-40.0,-1.0,-9.0,-36.0,15.0,7.0,28.0
507800,Mark 14,Mark 38,HYDROGEL_PACK,XIRECS,9992.0,6,1,trades_round_4_day_1.csv,59952.0,1,HYDROGEL_PACK,9992,11,9990.0,27.0,,,10008,11,10011.0,27.0,,,10000.0,0.0,prices_round_4_day_1.csv,9990.0,10011.0,10000.5,16,38.0,38.0,0.0,9990.0,10011.0,10000.5,5078,10000.0,10001.0,9998.5,9999.0,10014.0,10005.0,10009.0,44.0,44.0,9992,10008,sell,Mark 14,buyer,1.0,8.0,False,middle,6-10,0.0,8.0,48.0,1.0,9.0,54.0,-1.5,6.5,39.0,-1.0,7.0,42.0,14.0,22.0,132.0,5.0,13.0,78.0,9.0,17.0,102.0
509900,Mark 14,Mark 38,HYDROGEL_PACK,XIRECS,10005.0,5,1,trades_round_4_day_1.csv,50025.0,1,HYDROGEL_PACK,10005,15,10003.0,24.0,,,10021,15,10024.0,24.0,,,10013.0,0.0,prices_round_4_day_1.csv,10003.0,10024.0,10013.5,16,39.0,39.0,0.0,10003.0,10024.0,10013.5,5099,10010.0,10011.0,10004.0,9999.0,10006.0,10004.0,10011.0,38.0,38.0,10005,10021,sell,Mark 14,buyer,1.0,8.0,False,middle,3-5,-3.0,5.0,25.0,-2.0,6.0,30.0,-9.0,-1.0,-5.0,-14.0,-6.0,-30.0,-7.0,1.0,5.0,-9.0,-1.0,-5.0,-2.0,6.0,30.0
510100,Mark 14,Mark 38,HYDROGEL_PACK,XIRECS,10003.0,3,1,trades_round_4_day_1.csv,30009.0,1,HYDROGEL_PACK,10003,12,10000.0,23.0,,,10019,12,10021.0,23.0,,,10011.0,0.0,prices_round_4_day_1.csv,10000.0,10021.0,10010.5,16,35.0,35.0,0.0,10000.0,10021.0,10010.5,5101,10009.0,10008.0,10001.0,9999.0,10003.5,10006.0,10012.0,42.0,42.0,10003,10019,sell,Mark 14,buyer,1.0,8.0,False,middle,3-5,-2.0,6.0,18.0,-3.0,5.0,15.0,-10.0,-2.0,-6.0,-12.0,-4.0,-12.0,-7.5,0.5,1.5,-5.0,3.0,9.0,1.0,9.0,27.0
513200,Mark 38,Mark 14,HYDROGEL_PACK,XIRECS,10010.0,5,1,trades_round_4_day_1.csv,50050.0,1,HYDROGEL_PACK,9994,10,9991.0,25.0,,,10010,10,10012.0,25.0,,,10002.0,0.0,prices_round_4_day_1.csv,9991.0,10012.0,10001.5,16,35.0,35.0,0.0,9991.0,10012.0,10001.5,5132,9999.0,9998.0,9999.0,10000.0,10008.0,10013.0,10017.5,35.0,35.0,9994,10010,buy,Mark 38,buyer,1.0,-8.0,True,middle,3-5,-3.0,-11.0,-55.0,-4.0,-12.0,-60.0,-3.0,-11.0,-55.0,-2.0,-10.0,-50.0,6.0,-2.0,-10.0,11.0,3.0,15.0,15.5,7.5,37.5
515200,Mark 14,Mark 38,HYDROGEL_PACK,XIRECS,10000.0,4,1,trades_round_4_day_1.csv,40000.0,1,HYDROGEL_PACK,10000,13,9997.0,30.0,,,10016,13,10018.0,30.0,,,10008.0,0.0,prices_round_4_day_1.csv,9997.0,10018.0,10007.5,16,43.0,43.0,0.0,9997.0,10018.0,10007.5,5152,10007.0,10010.0,10011.0,10014.0,10019.0,10006.5,10012.0,37.0,37.0,10000,10016,sell,Mark 14,buyer,1.0,8.0,False,middle,3-5,-1.0,7.0,28.0,2.0,10.0,40.0,3.0,11.0,44.0,6.0,14.0,56.0,11.0,19.0,76.0,-1.5,6.5,26.0,4.0,12.0,48.0
519000,Mark 14,Mark 38,HYDROGEL_PACK,XIRECS,10002.0,5,1,trades_round_4_day_1.csv,50010.0,1,HYDROGEL_PACK,10002,12,9999.0,29.0,,,10018,12,10020.0,29.0,,,10010.0,0.0,prices_round_4_day_1.csv,9999.0,10020.0,10009.5,16,41.0,41.0,0.0,9999.0,10020.0,10009.5,5190,10010.0,10009.0,10011.0,10013.0,10015.5,10008.0,10022.0,36.0,36.0,10002,10018,sell,Mark 14,buyer,1.0,8.0,False,middle,3-5,0.0,8.0,40.0,-1.0,7.0,35.0,1.0,9.0,45.0,3.0,11.0,55.0,5.5,13.5,67.5,-2.0,6.0,30.0,12.0,20.0,100.0
519400,Mark 38,Mark 14,HYDROGEL_PACK,XIRECS,10017.0,2,1,trades_round_4_day_1.csv,20034.0,1,HYDROGEL_PACK,10001,15,9998.0,24.0,,,10017,15,10019.0,24.0,,,10009.0,0.0,prices_round_4_day_1.csv,9998.0,10019.0,10008.5,16,39.0,39.0,0.0,9998.0,10019.0,10008.5,5194,10011.0,10011.0,10011.0,10011.0,10014.0,10006.0,10026.0,34.0,34.0,10001,10017,buy,Mark 38,buyer,1.0,-8.0,True,middle,1-2,2.0,-6.0,-12.0,2.0,-6.0,-12.0,2.0,-6.0,-12.0,2.0,-6.0,-12.0,5.0,-3.0,-6.0,-3.0,-11.0,-22.0,17.0,9.0,18.0
520400,Mark 38,Mark 14,HYDROGEL_PACK,XIRECS,10019.0,2,1,trades_round_4_day_1.csv,20038.0,1,HYDROGEL_PACK,10003,13,10001.0,26.0,,,10019,13,10022.0,26.0,,,10011.0,0.0,prices_round_4_day_1.csv,10001.0,10022.0,10011.5,16,39.0,39.0,0.0,10001.0,10022.0,10011.5,5204,10014.0,10013.0,10015.0,10014.0,10015.0,10015.0,10017.0,39.0,39.0,10003,10019,buy,Mark 38,buyer,1.0,-8.0,True,middle,1-2,3.0,-5.0,-10.0,2.0,-6.0,-12.0,4.0,-4.0,-8.0,3.0,-5.0,-10.0,4.0,-4.0,-8.0,4.0,-4.0,-8.0,6.0,-2.0,-4.0
526600,Mark 38,Mark 14,HYDROGEL_PACK,XIRECS,10021.0,4,1,trades_round_4_day_1.csv,40084.0,1,HYDROGEL_PACK,10005,15,10002.0,30.0,,,10021,15,10023.0,30.0,,,10013.0,0.0,prices_round_4_day_1.csv,10002.0,10023.0,10012.5,16,45.0,45.0,0.0,10002.0,10023.0,10012.5,5266,10013.0,10007.5,10011.0,10013.0,10025.0,10021.0,10018.0,35.0,35.0,10005,10021,buy,Mark 38,buyer,1.0,-8.0,True,middle,3-5,0.0,-8.0,-32.0,-5.5,-13.5,-54.0,-2.0,-10.0,-40.0,0.0,-8.0,-32.0,12.0,4.0,16.0,8.0,0.0,0.0,5.0,-3.0,-12.0
527700,Mark 38,Mark 14,HYDROGEL_PACK,XIRECS,10021.0,6,1,trades_round_4_day_1.csv,60126.0,1,HYDROGEL_PACK,10005,13,10003.0,29.0,,,10021,13,10024.0,29.0,,,10013.0,0.0,prices_round_4_day_1.csv,10003.0,10024.0,10013.5,16,42.0,42.0,0.0,10003.0,10024.0,10013.5,5277,10015.0,10017.0,10021.0,10024.0,10025.0,10023.0,10020.0,36.0,36.0,10005,10021,buy,Mark 38,buyer,1.0,-8.0,True,middle,6-10,2.0,-6.0,-36.0,4.0,-4.0,-24.0,8.0,0.0,0.0,11.0,3.0,18.0,12.0,4.0,24.0,10.0,2.0,12.0,7.0,-1.0,-6.0
530300,Mark 14,Mark 38,HYDROGEL_PACK,XIRECS,10010.0,3,1,trades_round_4_day_1.csv,30030.0,1,HYDROGEL_PACK,10010,15,10007.0,27.0,,,10026,15,10028.0,27.0,,,10018.0,0.0,prices_round_4_day_1.csv,10007.0,10028.0,10017.5,16,42.0,42.0,0.0,10007.0,10028.0,10017.5,5303,10017.0,10018.0,10023.0,10022.0,10026.0,10013.0,10022.0,34.0,34.0,10010,10026,sell,Mark 14,buyer,1.0,8.0,False,middle,3-5,-1.0,7.0,21.0,0.0,8.0,24.0,5.0,13.0,39.0,4.0,12.0,36.0,8.0,16.0,48.0,-5.0,3.0,9.0,4.0,12.0,36.0
530600,Mark 14,Mark 38,HYDROGEL_PACK,XIRECS,10010.0,5,1,trades_round_4_day_1.csv,50050.0,1,HYDROGEL_PACK,10010,15,10007.0,24.0,,,10026,15,10029.0,24.0,,,10018.0,0.0,prices_round_4_day_1.csv,10007.0,10029.0,10018.0,16,39.0,39.0,0.0,10007.0,10029.0,10018.0,5306,10021.0,10023.0,10024.0,10021.0,10022.0,10014.0,10024.0,42.0,42.0,10010,10026,sell,Mark 14,buyer,1.0,8.0,False,middle,3-5,3.0,11.0,55.0,5.0,13.0,65.0,6.0,14.0,70.0,3.0,11.0,55.0,4.0,12.0,60.0,-4.0,4.0,20.0,6.0,14.0,70.0
533100,Mark 38,Mark 14,HYDROGEL_PACK,XIRECS,10029.0,2,1,trades_round_4_day_1.csv,20058.0,1,HYDROGEL_PACK,10013,14,10010.0,29.0,,,10029,14,10031.0,29.0,,,10021.0,0.0,prices_round_4_day_1.csv,10010.0,10031.0,10020.5,16,43.0,43.0,0.0,10010.0,10031.0,10020.5,5331,10021.0,10022.0,10021.0,10016.0,10011.0,10016.0,10010.0,40.0,40.0,10013,10029,buy,Mark 38,buyer,1.0,-8.0,True,middle,1-2,0.0,-8.0,-16.0,1.0,-7.0,-14.0,0.0,-8.0,-16.0,-5.0,-13.0,-26.0,-10.0,-18.0,-36.0,-5.0,-13.0,-26.0,-11.0,-19.0,-38.0
533400,Mark 38,Mark 14,HYDROGEL_PACK,XIRECS,10030.0,5,1,trades_round_4_day_1.csv,50150.0,1,HYDROGEL_PACK,10014,12,10011.0,24.0,,,10030,12,10032.0,24.0,,,10022.0,0.0,prices_round_4_day_1.csv,10011.0,10032.0,10021.5,16,36.0,36.0,0.0,10011.0,10032.0,10021.5,5334,10022.0,10021.0,10018.0,10009.0,10014.0,10015.0,10011.0,39.0,39.0,10014,10030,buy,Mark 38,buyer,1.0,-8.0,True,middle,3-5,0.0,-8.0,-40.0,-1.0,-9.0,-45.0,-4.0,-12.0,-60.0,-13.0,-21.0,-105.0,-8.0,-16.0,-80.0,-7.0,-15.0,-75.0,-11.0,-19.0,-95.0
534800,Mark 38,Mark 14,HYDROGEL_PACK,XIRECS,10018.0,3,1,trades_round_4_day_1.csv,30054.0,1,HYDROGEL_PACK,10002,13,9999.0,25.0,,,10018,13,10020.0,25.0,,,10010.0,0.0,prices_round_4_day_1.csv,9999.0,10020.0,10009.5,16,38.0,38.0,0.0,9999.0,10020.0,10009.5,5348,10008.0,10009.0,10013.0,10016.0,10019.0,10016.0,10004.0,38.0,38.0,10002,10018,buy,Mark 38,buyer,1.0,-8.0,True,middle,3-5,-2.0,-10.0,-30.0,-1.0,-9.0,-27.0,3.0,-5.0,-15.0,6.0,-2.0,-6.0,9.0,1.0,3.0,6.0,-2.0,-6.0,-6.0,-14.0,-42.0
537500,Mark 14,Mark 38,HYDROGEL_PACK,XIRECS,10014.0,2,1,trades_round_4_day_1.csv,20028.0,1,HYDROGEL_PACK,10014,11,10011.0,24.0,,,10030,11,10032.0,24.0,,,10022.0,0.0,prices_round_4_day_1.csv,10011.0,10032.0,10021.5,16,35.0,35.0,0.0,10011.0,10032.0,10021.5,5375,10019.0,10020.0,10016.0,10015.0,10011.0,10005.0,10017.0,41.0,41.0,10014,10030,sell,Mark 14,buyer,1.0,8.0,False,middle,1-2,-3.0,5.0,10.0,-2.0,6.0,12.0,-6.0,2.0,4.0,-7.0,1.0,2.0,-11.0,-3.0,-6.0,-17.0,-9.0,-18.0,-5.0,3.0,6.0
538000,Mark 38,Mark 14,HYDROGEL_PACK,XIRECS,10024.0,2,1,trades_round_4_day_1.csv,20048.0,1,HYDROGEL_PACK,10008,11,10006.0,25.0,,,10024,11,10027.0,25.0,,,10016.0,0.0,prices_round_4_day_1.csv,10006.0,10027.0,10016.5,16,36.0,36.0,0.0,10006.0,10027.0,10016.5,5380,10016.0,10015.0,10015.0,10013.0,10019.0,10005.0,10015.0,42.0,42.0,10008,10024,buy,Mark 38,buyer,1.0,-8.0,True,middle,1-2,0.0,-8.0,-16.0,-1.0,-9.0,-18.0,-1.0,-9.0,-18.0,-3.0,-11.0,-22.0,3.0,-5.0,-10.0,-11.0,-19.0,-38.0,-1.0,-9.0,-18.0
538900,Mark 38,Mark 14,HYDROGEL_PACK,XIRECS,10022.0,6,1,trades_round_4_day_1.csv,60132.0,1,HYDROGEL_PACK,10006,13,10004.0,28.0,,,10022,13,10025.0,28.0,,,10014.0,0.0,prices_round_4_day_1.csv,10004.0,10025.0,10014.5,16,41.0,41.0,0.0,10004.0,10025.0,10014.5,5389,10013.0,10012.0,10012.0,10018.0,10018.5,10009.5,10010.0,42.0,42.0,10006,10022,buy,Mark 38,buyer,1.0,-8.0,True,middle,6-10,-1.0,-9.0,-54.0,-2.0,-10.0,-60.0,-2.0,-10.0,-60.0,4.0,-4.0,-24.0,4.5,-3.5,-21.0,-4.5,-12.5,-75.0,-4.0,-12.0,-72.0
